<?xml version="1.0" encoding="UTF-8"?>
<!DOCTYPE html PUBLIC "-//W3C//DTD XHTML 1.0 Transitional//EN"
    "http://www.w3.org/TR/xhtml1/DTD/xhtml1-transitional.dtd">
<html xmlns="http://www.w3.org/1999/xhtml" xml:lang="en" lang="en">
 <head>
  <title>
</title>
<meta http-equiv="Content-Type" content="text/html;charset=utf-8" />
  <meta name='ocr-system' content='tesseract 3.04.00' />
  <meta name='ocr-capabilities' content='ocr_page ocr_carea ocr_par ocr_line ocrx_word'/>
</head>
<body>
  <div class='ocr_page' id='page_1' title='image "./musaeherodoto01hero/musaeherodoto01hero_0561.png"; bbox 0 0 1909 3228; ppageno 0'>
   <div class='ocr_carea' id='block_1_1' title="bbox 577 227 1091 268">
    <p class='ocr_par' dir='ltr' id='par_1_1' title="bbox 577 227 1091 268">
     <span class='ocr_line' id='line_1_1' title="bbox 577 227 1091 268; baseline 0.002 -3"><span class='ocrx_word' id='word_1_1' title='bbox 577 227 996 268; x_wconf 85' lang='lat' dir='ltr'>EUTERPE.</span> <span class='ocrx_word' id='word_1_2' title='bbox 1047 229 1091 266; x_wconf 87' lang='grc' dir='ltr'>ΙΙ.</span> 
     </span>
    </p>
   </div>
   <div class='ocr_carea' id='block_1_2' title="bbox 1364 231 1448 271">
    <p class='ocr_par' dir='ltr' id='par_1_2' title="bbox 1364 231 1448 271">
     <span class='ocr_line' id='line_1_2' title="bbox 1364 231 1448 271; baseline 0.012 -1"><span class='ocrx_word' id='word_1_3' title='bbox 1364 231 1448 271; x_wconf 74' lang='lat'>547</span> 
     </span>
    </p>
   </div>
   <div class='ocr_carea' id='block_1_3' title="bbox 200 333 1447 393">
    <p class='ocr_par' dir='ltr' id='par_1_3' title="bbox 200 333 1447 393">
     <span class='ocr_line' id='line_1_3' title="bbox 200 333 1447 393; baseline 0.002 -16"><span class='ocrx_word' id='word_1_4' title='bbox 200 334 442 386; x_wconf 84' lang='grc' dir='ltr'><strong><em>Σολόεντος</em></strong></span> <span class='ocrx_word' id='word_1_5' title='bbox 473 335 630 393; x_wconf 72' lang='grc' dir='ltr'><em>ἄκρης,</em></span> <span class='ocrx_word' id='word_1_6' title='bbox 679 333 707 393; x_wconf 81' lang='grc' dir='ltr'><em>ᾗ</em></span> <span class='ocrx_word' id='word_1_7' title='bbox 735 338 922 380; x_wconf 81' lang='grc' dir='ltr'><strong><em>τελευταὶ</em></strong></span> <span class='ocrx_word' id='word_1_8' title='bbox 965 341 1040 392; x_wconf 81' lang='grc' dir='ltr'>τῆς</span> <span class='ocrx_word' id='word_1_9' title='bbox 1068 337 1260 393; x_wconf 82' lang='grc' dir='ltr'><em>Λιβύης,</em></span> <span class='ocrx_word' id='word_1_10' title='bbox 1307 336 1447 393; x_wconf 77' lang='grc' dir='ltr'><em>παρή-</em></span> 
     </span>
    </p>
   </div>
   <div class='ocr_carea' id='block_1_4' title="bbox 173 414 1447 550">
    <p class='ocr_par' dir='ltr' id='par_1_4' title="bbox 173 414 1447 550">
     <span class='ocr_line' id='line_1_4' title="bbox 197 414 1447 472; baseline 0.002 -16"><span class='ocrx_word' id='word_1_11' title='bbox 197 426 324 457; x_wconf 78' lang='grc' dir='ltr'><em>κουσι</em></span> <span class='ocrx_word' id='word_1_12' title='bbox 353 414 470 468; x_wconf 74' lang='grc' dir='ltr'><em>παρὰ</em></span> <span class='ocrx_word' id='word_1_13' title='bbox 497 420 638 458; x_wconf 83' lang='grc' dir='ltr'><em>πᾶσαν</em></span> <span class='ocrx_word' id='word_1_14' title='bbox 666 417 840 472; x_wconf 84' lang='grc' dir='ltr'><em>Λίβυες,</em></span> <span class='ocrx_word' id='word_1_15' title='bbox 881 417 954 459; x_wconf 79' lang='grc' dir='ltr'><em>καὶ</em></span> <span class='ocrx_word' id='word_1_16' title='bbox 982 416 1160 471; x_wconf 83' lang='grc' dir='ltr'><em>Λιβύων</em></span> <span class='ocrx_word' id='word_1_17' title='bbox 1185 415 1313 459; x_wconf 72' lang='grc' dir='ltr'><em>ἔθνεα</em></span> <span class='ocrx_word' id='word_1_18' title='bbox 1341 420 1447 459; x_wconf 87' lang='grc' dir='ltr'><em>πολ-</em></span> 
     </span>
     <span class='ocr_line' id='line_1_5' title="bbox 173 492 1444 550; baseline 0.002 -16"><span class='ocrx_word' id='word_1_19' title='bbox 173 493 282 546; x_wconf 80' lang='grc' dir='ltr'><em>5λὰ,</em></span> <span class='ocrx_word' id='word_1_20' title='bbox 315 493 427 548; x_wconf 80' lang='grc' dir='ltr'><em>πλὴν</em></span> <span class='ocrx_word' id='word_1_21' title='bbox 454 494 560 537; x_wconf 83' lang='grc' dir='ltr'><em>ὅσον</em></span> <span class='ocrx_word' id='word_1_22' title='bbox 577 494 776 549; x_wconf 64' lang='lat' dir='ltr'>“mames</span> <span class='ocrx_word' id='word_1_23' title='bbox 805 495 878 537; x_wconf 83' lang='grc' dir='ltr'><em>καὶ</em></span> <span class='ocrx_word' id='word_1_24' title='bbox 909 496 1109 546; x_wconf 82' lang='grc' dir='ltr'><em>Φοίνικες</em></span> <span class='ocrx_word' id='word_1_25' title='bbox 1134 496 1288 550; x_wconf 75' lang='grc' dir='ltr'><em>ἔχουσι.</em></span> <span class='ocrx_word' id='word_1_26' title='bbox 1316 492 1368 536; x_wconf 79' lang='grc' dir='ltr'><em>τὰ</em></span> <span class='ocrx_word' id='word_1_27' title='bbox 1398 494 1444 537; x_wconf 77' lang='grc' dir='ltr'>δὲ</span> 
     </span>
    </p>
   </div>
   <div class='ocr_carea' id='block_1_5' title="bbox 196 570 1445 629">
    <p class='ocr_par' dir='ltr' id='par_1_5' title="bbox 196 570 1445 629">
     <span class='ocr_line' id='line_1_6' title="bbox 196 570 1445 629; baseline 0.002 -15"><span class='ocrx_word' id='word_1_28' title='bbox 196 570 306 624; x_wconf 77' lang='grc' dir='ltr'>ὑπὲρ</span> <span class='ocrx_word' id='word_1_29' title='bbox 334 572 557 628; x_wconf 71' lang='grc' dir='ltr'><em>θαλάσσης</em></span> <span class='ocrx_word' id='word_1_30' title='bbox 585 589 628 616; x_wconf 91' lang='grc' dir='ltr'><em>τε</em></span> <span class='ocrx_word' id='word_1_31' title='bbox 657 575 728 616; x_wconf 85' lang='grc' dir='ltr'><em>καὶ</em></span> <span class='ocrx_word' id='word_1_32' title='bbox 757 577 845 616; x_wconf 75' lang='grc' dir='ltr'>τῶν</span> <span class='ocrx_word' id='word_1_33' title='bbox 883 573 950 616; x_wconf 81' lang='grc' dir='ltr'>ἐπὶ</span> <span class='ocrx_word' id='word_1_34' title='bbox 978 575 1205 617; x_wconf 77' lang='grc' dir='ltr'><em>θάλασσαν</em></span> <span class='ocrx_word' id='word_1_35' title='bbox 1232 571 1445 629; x_wconf 83' lang='grc' dir='ltr'><em>κατηκόν-</em></span> 
     </span>
    </p>
   </div>
   <div class='ocr_carea' id='block_1_6' title="bbox 196 649 1445 708">
    <p class='ocr_par' dir='ltr' id='par_1_6' title="bbox 196 649 1445 708">
     <span class='ocr_line' id='line_1_7' title="bbox 196 649 1445 708; baseline 0.002 -16"><span class='ocrx_word' id='word_1_36' title='bbox 196 667 283 693; x_wconf 87' lang='grc' dir='ltr'>των</span> <span class='ocrx_word' id='word_1_37' title='bbox 325 650 599 706; x_wconf 75' lang='grc' dir='ltr'><em>ιὲνθρώπων,</em></span> <span class='ocrx_word' id='word_1_38' title='bbox 645 652 698 694; x_wconf 80' lang='grc' dir='ltr'><em>τὰ</em></span> <span class='ocrx_word' id='word_1_39' title='bbox 740 651 983 707; x_wconf 75' lang='grc' dir='ltr'><em>κατύπερθε</em></span> <span class='ocrx_word' id='word_1_40' title='bbox 1023 652 1247 708; x_wconf 78' lang='grc' dir='ltr'>θηριώδης</span> <span class='ocrx_word' id='word_1_41' title='bbox 1294 652 1380 695; x_wconf 80' lang='grc' dir='ltr'><em>ἐστὶ</em></span> <span class='ocrx_word' id='word_1_42' title='bbox 1418 649 1445 708; x_wconf 86' lang='grc' dir='ltr'><strong><em>ἡ</em></strong></span> 
     </span>
    </p>
   </div>
   <div class='ocr_carea' id='block_1_7' title="bbox 195 727 360 785">
    <p class='ocr_par' dir='ltr' id='par_1_7' title="bbox 195 727 360 785">
     <span class='ocr_line' id='line_1_8' title="bbox 195 727 360 785; baseline 0 -14"><span class='ocrx_word' id='word_1_43' title='bbox 195 727 337 785; x_wconf 80' lang='grc' dir='ltr'><em>Λιβύη</em></span> <span class='ocrx_word' id='word_1_44' title='bbox 352 745 360 753; x_wconf 91' lang='grc'><em>·</em></span> 
     </span>
    </p>
   </div>
   <div class='ocr_carea' id='block_1_8' title="bbox 193 730 1581 865">
    <p class='ocr_par' dir='ltr' id='par_1_8' title="bbox 193 730 1581 865">
     <span class='ocr_line' id='line_1_9' title="bbox 416 730 1499 787; baseline 0 -15"><span class='ocrx_word' id='word_1_45' title='bbox 416 730 468 772; x_wconf 79' lang='grc' dir='ltr'><em>τὰ</em></span> <span class='ocrx_word' id='word_1_46' title='bbox 499 731 544 773; x_wconf 78' lang='grc' dir='ltr'>δὲ</span> <span class='ocrx_word' id='word_1_47' title='bbox 573 730 814 785; x_wconf 80' lang='grc' dir='ltr'><em>κατύπερθε</em></span> <span class='ocrx_word' id='word_1_48' title='bbox 857 735 931 787; x_wconf 79' lang='grc' dir='ltr'>τῆς</span> <span class='ocrx_word' id='word_1_49' title='bbox 967 730 1230 787; x_wconf 73' lang='grc' dir='ltr'><em>θηριώδεος,</em></span> <span class='ocrx_word' id='word_1_50' title='bbox 1268 730 1499 786; x_wconf 72' lang='grc' dir='ltr'><em>ψάμμος25</em></span> 
     </span>
     <span class='ocr_line' id='line_1_10' title="bbox 193 808 1581 865; baseline 0.002 -15"><span class='ocrx_word' id='word_1_51' title='bbox 193 808 238 850; x_wconf 79' lang='grc' dir='ltr'><em>τέ</em></span> <span class='ocrx_word' id='word_1_52' title='bbox 268 808 377 859; x_wconf 77' lang='grc' dir='ltr'><em>ἐστι,</em></span> <span class='ocrx_word' id='word_1_53' title='bbox 421 812 493 851; x_wconf 81' lang='grc' dir='ltr'><em>καὶ</em></span> <span class='ocrx_word' id='word_1_54' title='bbox 523 809 712 863; x_wconf 77' lang='grc' dir='ltr'><em>ἄνυδρος</em></span> <span class='ocrx_word' id='word_1_55' title='bbox 743 812 912 861; x_wconf 79' lang='grc' dir='ltr'><em>δεινῶς,</em></span> <span class='ocrx_word' id='word_1_56' title='bbox 950 810 1021 852; x_wconf 84' lang='grc' dir='ltr'><em>καὶ</em></span> <span class='ocrx_word' id='word_1_57' title='bbox 1053 810 1205 865; x_wconf 71' lang='grc' dir='ltr'><em>ἔρημος</em></span> <span class='ocrx_word' id='word_1_58' title='bbox 1235 808 1441 865; x_wconf 77' lang='grc' dir='ltr'><em>πάντων)</em></span> <span class='ocrx_word' id='word_1_59' title='bbox 1502 814 1581 854; x_wconf 88' lang='grc'>118</span> 
     </span>
    </p>
   </div>
   <div class='ocr_carea' id='block_1_9' title="bbox 165 881 1442 944">
    <p class='ocr_par' dir='ltr' id='par_1_9' title="bbox 165 881 1442 944">
     <span class='ocr_line' id='line_1_11' title="bbox 165 881 1442 944; baseline 0.004 -18"><span class='ocrx_word' id='word_1_60' title='bbox 165 883 336 936; x_wconf 84' lang='grc' dir='ltr'><em>6,,Ἐπεὶ</em></span> <span class='ocrx_word' id='word_1_61' title='bbox 366 881 428 929; x_wconf 75' lang='grc' dir='ltr'><em>ὦν</em></span> <span class='ocrx_word' id='word_1_62' title='bbox 457 889 560 938; x_wconf 82' lang='grc' dir='ltr'><em>τούς</em></span> <span class='ocrx_word' id='word_1_63' title='bbox 599 890 770 944; x_wconf 82' lang='grc' dir='ltr'><em>νεηνίας</em></span> <span class='ocrx_word' id='word_1_64' title='bbox 808 888 1193 944; x_wconf 79' lang='grc' dir='ltr'><em>ἀποπεμπομένους</em></span> <span class='ocrx_word' id='word_1_65' title='bbox 1232 887 1315 931; x_wconf 86' lang='grc' dir='ltr'>ὑπὸ</span> <span class='ocrx_word' id='word_1_66' title='bbox 1352 891 1442 931; x_wconf 75' lang='grc' dir='ltr'>τῶν</span> 
     </span>
    </p>
   </div>
   <div class='ocr_carea' id='block_1_10' title="bbox 121 1070 782 2911">
    <p class='ocr_par' dir='ltr' id='par_1_10' title="bbox 123 1070 782 2293">
     <span class='ocr_line' id='line_1_12' title="bbox 134 1070 780 1120; baseline 0.002 -14"><span class='ocrx_word' id='word_1_67' title='bbox 134 1072 293 1106; x_wconf 83' lang='lat' dir='ltr'>extrema</span> <span class='ocrx_word' id='word_1_68' title='bbox 311 1070 533 1108; x_wconf 85' lang='lat' dir='ltr'>occidentem</span> <span class='ocrx_word' id='word_1_69' title='bbox 554 1084 677 1108; x_wconf 81' lang='lat' dir='ltr'>versus</span> <span class='ocrx_word' id='word_1_70' title='bbox 695 1084 780 1120; x_wconf 87' lang='lat' dir='ltr'>par-</span> 
     </span>
     <span class='ocr_line' id='line_1_13' title="bbox 133 1126 781 1164; baseline 0.003 -3"><span class='ocrx_word' id='word_1_71' title='bbox 133 1130 170 1162; x_wconf 85' lang='lat' dir='ltr'>te</span> <span class='ocrx_word' id='word_1_72' title='bbox 192 1126 236 1161; x_wconf 85' lang='lat' dir='ltr'>ab</span> <span class='ocrx_word' id='word_1_73' title='bbox 251 1126 443 1163; x_wconf 84' lang='lat' dir='ltr'>Herodoto</span> <span class='ocrx_word' id='word_1_74' title='bbox 463 1127 656 1164; x_wconf 87' lang='lat' dir='ltr'>collocatur</span> <span class='ocrx_word' id='word_1_75' title='bbox 666 1127 781 1164; x_wconf 73' lang='lat' dir='ltr'>Soloz&#39;s</span> 
     </span>
     <span class='ocr_line' id='line_1_14' title="bbox 131 1183 778 1230; baseline 0.006 -14"><span class='ocrx_word' id='word_1_76' title='bbox 131 1183 426 1230; x_wconf 87' lang='lat' dir='ltr'>promontorium.</span> <span class='ocrx_word' id='word_1_77' title='bbox 487 1184 594 1220; x_wconf 90' lang='lat' dir='ltr'>Conf.</span> <span class='ocrx_word' id='word_1_78' title='bbox 623 1183 689 1230; x_wconf 92' lang='lat' dir='ltr'>lV,</span> <span class='ocrx_word' id='word_1_79' title='bbox 712 1183 778 1224; x_wconf 81' lang='grc'>43.</span> 
     </span>
     <span class='ocr_line' id='line_1_15' title="bbox 134 1237 779 1287; baseline 0.003 -15"><span class='ocrx_word' id='word_1_80' title='bbox 134 1237 244 1279; x_wconf 85' lang='lat' dir='ltr'>Quod</span> <span class='ocrx_word' id='word_1_81' title='bbox 263 1240 544 1287; x_wconf 74' lang='lat' dir='ltr'>promontorium</span> <span class='ocrx_word' id='word_1_82' title='bbox 566 1239 703 1276; x_wconf 74' lang='grc' dir='ltr'><em>Καηΐίη</em></span> <span class='ocrx_word' id='word_1_83' title='bbox 721 1253 779 1276; x_wconf 84' lang='lat' dir='ltr'>es-</span> 
     </span>
     <span class='ocr_line' id='line_1_16' title="bbox 132 1294 782 1345; baseline 0.002 -16"><span class='ocrx_word' id='word_1_84' title='bbox 132 1305 190 1339; x_wconf 92' lang='lat' dir='ltr'>se,</span> <span class='ocrx_word' id='word_1_85' title='bbox 233 1294 379 1343; x_wconf 85' lang='lat' dir='ltr'>copiosa</span> <span class='ocrx_word' id='word_1_86' title='bbox 414 1296 658 1345; x_wconf 84' lang='lat' dir='ltr'>disputatione</span> <span class='ocrx_word' id='word_1_87' title='bbox 696 1308 782 1345; x_wconf 91' lang='lat' dir='ltr'>pro-</span> 
     </span>
     <span class='ocr_line' id='line_1_17' title="bbox 132 1349 779 1400; baseline 0.005 -16"><span class='ocrx_word' id='word_1_88' title='bbox 132 1349 255 1386; x_wconf 83' lang='lat' dir='ltr'>batum</span> <span class='ocrx_word' id='word_1_89' title='bbox 275 1350 302 1386; x_wconf 86' lang='lat' dir='ltr'>it</span> <span class='ocrx_word' id='word_1_90' title='bbox 320 1350 518 1389; x_wconf 83' lang='lat' dir='ltr'>Rennelius</span> <span class='ocrx_word' id='word_1_91' title='bbox 543 1352 584 1398; x_wconf 91' lang='lat' dir='ltr'>(l.</span> <span class='ocrx_word' id='word_1_92' title='bbox 600 1352 621 1387; x_wconf 88' lang='lat' dir='ltr'>l.</span> <span class='ocrx_word' id='word_1_93' title='bbox 640 1365 677 1400; x_wconf 88' lang='lat' dir='ltr'>p.</span> <span class='ocrx_word' id='word_1_94' title='bbox 697 1354 779 1392; x_wconf 86' lang='lat'>567</span> 
     </span>
     <span class='ocr_line' id='line_1_18' title="bbox 129 1406 776 1455; baseline 0.003 -15"><span class='ocrx_word' id='word_1_95' title='bbox 129 1424 184 1432; x_wconf 95' lang='lat'>—</span> <span class='ocrx_word' id='word_1_96' title='bbox 195 1406 309 1452; x_wconf 89' lang='lat'>570),</span> <span class='ocrx_word' id='word_1_97' title='bbox 329 1406 556 1455; x_wconf 79' lang='lat' dir='ltr'>improbante</span> <span class='ocrx_word' id='word_1_98' title='bbox 571 1407 776 1453; x_wconf 88' lang='lat' dir='ltr'>Bredowio,</span> 
     </span>
     <span class='ocr_line' id='line_1_19' title="bbox 127 1461 778 1512; baseline 0.005 -17"><span class='ocrx_word' id='word_1_99' title='bbox 127 1461 189 1508; x_wconf 89' lang='lat' dir='ltr'>qui</span> <span class='ocrx_word' id='word_1_100' title='bbox 221 1474 299 1497; x_wconf 91' lang='lat' dir='ltr'>cum</span> <span class='ocrx_word' id='word_1_101' title='bbox 327 1462 507 1499; x_wconf 85' lang='lat' dir='ltr'>Gosselin.</span> <span class='ocrx_word' id='word_1_102' title='bbox 535 1463 778 1512; x_wconf 90' lang='lat' dir='ltr'>promontori-</span> 
     </span>
     <span class='ocr_line' id='line_1_20' title="bbox 126 1516 774 1568; baseline 0.003 -16"><span class='ocrx_word' id='word_1_103' title='bbox 126 1529 186 1553; x_wconf 89' lang='lat' dir='ltr'>um</span> <span class='ocrx_word' id='word_1_104' title='bbox 218 1516 360 1565; x_wconf 78' lang='lat' dir='ltr'>Spartel</span> <span class='ocrx_word' id='word_1_105' title='bbox 390 1519 513 1568; x_wconf 88' lang='lat' dir='ltr'>ponit,</span> <span class='ocrx_word' id='word_1_106' title='bbox 560 1519 660 1555; x_wconf 85' lang='lat' dir='ltr'>cuius</span> <span class='ocrx_word' id='word_1_107' title='bbox 694 1517 774 1555; x_wconf 94' lang='lat' dir='ltr'>loco</span> 
     </span>
     <span class='ocr_line' id='line_1_21' title="bbox 127 1573 774 1623; baseline 0.003 -15"><span class='ocrx_word' id='word_1_108' title='bbox 127 1573 185 1609; x_wconf 83' lang='lat' dir='ltr'>alii</span> <span class='ocrx_word' id='word_1_109' title='bbox 204 1575 487 1623; x_wconf 83' lang='lat' dir='ltr'>promontorium</span> <span class='ocrx_word' id='word_1_110' title='bbox 498 1574 655 1611; x_wconf 81' lang='lat' dir='ltr'>Boz‘aclor</span> <span class='ocrx_word' id='word_1_111' title='bbox 670 1574 774 1612; x_wconf 88' lang='lat' dir='ltr'>intel-</span> 
     </span>
     <span class='ocr_line' id='line_1_22' title="bbox 125 1628 776 1679; baseline 0.006 -15"><span class='ocrx_word' id='word_1_112' title='bbox 125 1628 187 1678; x_wconf 86' lang='lat' dir='ltr'>ligi</span> <span class='ocrx_word' id='word_1_113' title='bbox 217 1643 327 1679; x_wconf 85' lang='lat' dir='ltr'>posse</span> <span class='ocrx_word' id='word_1_114' title='bbox 365 1632 579 1668; x_wconf 84' lang='lat' dir='ltr'>existimant.</span> <span class='ocrx_word' id='word_1_115' title='bbox 638 1631 776 1668; x_wconf 83' lang='lat' dir='ltr'>Confer</span> 
     </span>
     <span class='ocr_line' id='line_1_23' title="bbox 127 1685 774 1735; baseline 0.006 -15"><span class='ocrx_word' id='word_1_116' title='bbox 127 1685 213 1721; x_wconf 84' lang='lat' dir='ltr'>ibid.</span> <span class='ocrx_word' id='word_1_117' title='bbox 235 1699 270 1735; x_wconf 89' lang='lat' dir='ltr'>p.</span> <span class='ocrx_word' id='word_1_118' title='bbox 289 1687 382 1732; x_wconf 87' lang='lat'>570,</span> <span class='ocrx_word' id='word_1_119' title='bbox 402 1690 464 1728; x_wconf 87' lang='lat'>17.</span> <span class='ocrx_word' id='word_1_120' title='bbox 481 1687 696 1724; x_wconf 87' lang='lat' dir='ltr'>Rennelium</span> <span class='ocrx_word' id='word_1_121' title='bbox 717 1700 774 1724; x_wconf 86' lang='lat' dir='ltr'>se-</span> 
     </span>
     <span class='ocr_line' id='line_1_24' title="bbox 126 1741 772 1789; baseline 0.003 -13"><span class='ocrx_word' id='word_1_122' title='bbox 126 1741 246 1789; x_wconf 84' lang='lat' dir='ltr'>quitur</span> <span class='ocrx_word' id='word_1_123' title='bbox 281 1741 494 1780; x_wconf 85' lang='lat' dir='ltr'>Mannertus</span> <span class='ocrx_word' id='word_1_124' title='bbox 532 1743 554 1779; x_wconf 94' lang='lat' dir='ltr'>l.</span> <span class='ocrx_word' id='word_1_125' title='bbox 585 1743 607 1779; x_wconf 95' lang='lat' dir='ltr'>l.</span> <span class='ocrx_word' id='word_1_126' title='bbox 648 1743 706 1789; x_wconf 89' lang='lat' dir='ltr'>X,</span> <span class='ocrx_word' id='word_1_127' title='bbox 745 1747 772 1784; x_wconf 81' lang='lat'><strong>2</strong></span> 
     </span>
     <span class='ocr_line' id='line_1_25' title="bbox 127 1797 771 1846; baseline 0.003 -14"><span class='ocrx_word' id='word_1_128' title='bbox 127 1810 163 1846; x_wconf 91' lang='lat' dir='ltr'>p.</span> <span class='ocrx_word' id='word_1_129' title='bbox 192 1797 272 1836; x_wconf 83' lang='lat'>495</span> <span class='ocrx_word' id='word_1_130' title='bbox 304 1811 401 1846; x_wconf 87' lang='lat' dir='ltr'>seq.,</span> <span class='ocrx_word' id='word_1_131' title='bbox 432 1811 453 1834; x_wconf 78' lang='lat' dir='ltr'>a</span> <span class='ocrx_word' id='word_1_132' title='bbox 481 1811 552 1846; x_wconf 89' lang='lat' dir='ltr'>quo</span> <span class='ocrx_word' id='word_1_133' title='bbox 581 1799 771 1834; x_wconf 77' lang='lat' dir='ltr'>discedens</span> 
     </span>
     <span class='ocr_line' id='line_1_26' title="bbox 127 1852 771 1902; baseline 0.005 -15"><span class='ocrx_word' id='word_1_134' title='bbox 127 1852 394 1889; x_wconf 82' lang='lat' dir='ltr'>Schlichthorst.</span> <span class='ocrx_word' id='word_1_135' title='bbox 423 1853 445 1889; x_wconf 95' lang='lat' dir='ltr'>l.</span> <span class='ocrx_word' id='word_1_136' title='bbox 467 1853 489 1890; x_wconf 93' lang='lat' dir='ltr'>l.</span> <span class='ocrx_word' id='word_1_137' title='bbox 524 1867 560 1902; x_wconf 88' lang='lat' dir='ltr'>p.</span> <span class='ocrx_word' id='word_1_138' title='bbox 588 1856 666 1894; x_wconf 86' lang='lat'>167</span> <span class='ocrx_word' id='word_1_139' title='bbox 695 1867 771 1902; x_wconf 88' lang='lat' dir='ltr'>seq.</span> 
     </span>
     <span class='ocr_line' id='line_1_27' title="bbox 128 1909 773 1958; baseline 0.005 -15"><span class='ocrx_word' id='word_1_140' title='bbox 128 1909 275 1944; x_wconf 83' lang='lat' dir='ltr'>indicari</span> <span class='ocrx_word' id='word_1_141' title='bbox 311 1913 413 1958; x_wconf 83' lang='lat' dir='ltr'>putat</span> <span class='ocrx_word' id='word_1_142' title='bbox 440 1910 485 1946; x_wconf 84' lang='lat' dir='ltr'>ab</span> <span class='ocrx_word' id='word_1_143' title='bbox 514 1909 705 1946; x_wconf 86' lang='lat' dir='ltr'>Herodoto</span> <span class='ocrx_word' id='word_1_144' title='bbox 735 1910 773 1946; x_wconf 89' lang='lat' dir='ltr'>id</span> 
     </span>
     <span class='ocr_line' id='line_1_28' title="bbox 127 1965 772 2014; baseline 0.003 -15"><span class='ocrx_word' id='word_1_145' title='bbox 127 1965 433 2014; x_wconf 83' lang='lat' dir='ltr'>promontorium,</span> <span class='ocrx_word' id='word_1_146' title='bbox 482 1966 580 2014; x_wconf 86' lang='lat' dir='ltr'>quod</span> <span class='ocrx_word' id='word_1_147' title='bbox 629 1966 772 2002; x_wconf 89' lang='lat' dir='ltr'>Graeco</span> 
     </span>
     <span class='ocr_line' id='line_1_29' title="bbox 125 2020 773 2070; baseline 0 -14"><span class='ocrx_word' id='word_1_148' title='bbox 125 2020 272 2057; x_wconf 86' lang='lat' dir='ltr'>nomine</span> <span class='ocrx_word' id='word_1_149' title='bbox 317 2021 518 2070; x_wconf 82' lang='lat' dir='ltr'>appellatur</span> <span class='ocrx_word' id='word_1_150' title='bbox 561 2021 773 2070; x_wconf 79' lang='lat' dir='ltr'>Ampelusia,</span> 
     </span>
     <span class='ocr_line' id='line_1_30' title="bbox 125 2075 772 2126; baseline 0.005 -15"><span class='ocrx_word' id='word_1_151' title='bbox 125 2075 261 2112; x_wconf 90' lang='lat' dir='ltr'>Punico</span> <span class='ocrx_word' id='word_1_152' title='bbox 300 2076 408 2113; x_wconf 75' lang='lat' dir='ltr'>Cotes.</span> <span class='ocrx_word' id='word_1_153' title='bbox 482 2077 661 2126; x_wconf 89' lang='lat' dir='ltr'>Equidem</span> <span class='ocrx_word' id='word_1_154' title='bbox 693 2091 772 2114; x_wconf 88' lang='lat' dir='ltr'>cum</span> 
     </span>
     <span class='ocr_line' id='line_1_31' title="bbox 124 2131 771 2183; baseline 0.005 -16"><span class='ocrx_word' id='word_1_155' title='bbox 124 2131 268 2168; x_wconf 87' lang='lat' dir='ltr'>Rittero</span> <span class='ocrx_word' id='word_1_156' title='bbox 293 2133 502 2177; x_wconf 86' lang='lat' dir='ltr'>(Erdkund.</span> <span class='ocrx_word' id='word_1_157' title='bbox 528 2134 543 2169; x_wconf 91' lang='lat' dir='ltr'>I</span> <span class='ocrx_word' id='word_1_158' title='bbox 566 2146 650 2183; x_wconf 90' lang='lat' dir='ltr'>pag.</span> <span class='ocrx_word' id='word_1_159' title='bbox 671 2134 771 2181; x_wconf 87' lang='grc'>890)</span> 
     </span>
     <span class='ocr_line' id='line_1_32' title="bbox 123 2187 772 2239; baseline 0.005 -16"><span class='ocrx_word' id='word_1_160' title='bbox 123 2187 243 2224; x_wconf 83' lang='lat' dir='ltr'>malim</span> <span class='ocrx_word' id='word_1_161' title='bbox 262 2188 463 2237; x_wconf 85' lang='lat' dir='ltr'>intelligere</span> <span class='ocrx_word' id='word_1_162' title='bbox 482 2190 772 2239; x_wconf 86' lang='lat' dir='ltr'>promontorium</span> 
     </span>
     <span class='ocr_line' id='line_1_33' title="bbox 125 2243 278 2293; baseline 0 -13"><span class='ocrx_word' id='word_1_163' title='bbox 125 2243 278 2293; x_wconf 77' lang='lat' dir='ltr'>Spartel.</span> 
     </span>
    </p>

    <p class='ocr_par' dir='ltr' id='par_1_11' title="bbox 121 2295 771 2911">
     <span class='ocr_line' id='line_1_34' title="bbox 178 2295 770 2353; baseline 0.002 -16"><span class='ocrx_word' id='word_1_164' title='bbox 178 2315 203 2353; x_wconf 79' lang='grc' dir='ltr'><em>ῃ</em></span> <span class='ocrx_word' id='word_1_165' title='bbox 222 2298 393 2339; x_wconf 88' lang='grc' dir='ltr'><em>τελευταὶ</em></span> <span class='ocrx_word' id='word_1_166' title='bbox 411 2302 483 2349; x_wconf 78' lang='grc' dir='ltr'>τῆς</span> <span class='ocrx_word' id='word_1_167' title='bbox 501 2295 673 2350; x_wconf 80' lang='grc' dir='ltr'><em>Λιβύης]</em></span> <span class='ocrx_word' id='word_1_168' title='bbox 702 2300 770 2338; x_wconf 92' lang='lat' dir='ltr'>Se-</span> 
     </span>
     <span class='ocr_line' id='line_1_35' title="bbox 123 2357 770 2420; baseline 0.002 -29"><span class='ocrx_word' id='word_1_169' title='bbox 123 2360 227 2392; x_wconf 86' lang='lat' dir='ltr'>cutus</span> <span class='ocrx_word' id='word_1_170' title='bbox 256 2370 334 2393; x_wconf 90' lang='lat' dir='ltr'>sum</span> <span class='ocrx_word' id='word_1_171' title='bbox 354 2357 620 2403; x_wconf 82' lang='lat' dir='ltr'>Gaisfordium,</span> <span class='ocrx_word' id='word_1_172' title='bbox 645 2370 770 2420; x_wconf 80' lang='lat' dir='ltr'>quam-</span> 
     </span>
     <span class='ocr_line' id='line_1_36' title="bbox 125 2412 770 2458; baseline 0.003 -12"><span class='ocrx_word' id='word_1_173' title='bbox 125 2423 232 2458; x_wconf 86' lang='lat' dir='ltr'>quam</span> <span class='ocrx_word' id='word_1_174' title='bbox 251 2412 356 2449; x_wconf 86' lang='lat' dir='ltr'>valde</span> <span class='ocrx_word' id='word_1_175' title='bbox 383 2413 516 2449; x_wconf 83' lang='lat' dir='ltr'>arridet</span> <span class='ocrx_word' id='word_1_176' title='bbox 542 2412 647 2449; x_wconf 89' lang='lat' dir='ltr'>lectio</span> <span class='ocrx_word' id='word_1_177' title='bbox 678 2426 699 2449; x_wconf 81' lang='lat' dir='ltr'>a</span> <span class='ocrx_word' id='word_1_178' title='bbox 717 2413 770 2448; x_wconf 87' lang='lat' dir='ltr'>vi-</span> 
     </span>
     <span class='ocr_line' id='line_1_37' title="bbox 125 2463 771 2521; baseline 0.008 -19"><span class='ocrx_word' id='word_1_179' title='bbox 125 2479 165 2502; x_wconf 90' lang='lat' dir='ltr'>ro</span> <span class='ocrx_word' id='word_1_180' title='bbox 188 2468 294 2503; x_wconf 85' lang='lat' dir='ltr'>docto</span> <span class='ocrx_word' id='word_1_181' title='bbox 328 2467 411 2504; x_wconf 89' lang='lat' dir='ltr'>olim</span> <span class='ocrx_word' id='word_1_182' title='bbox 429 2469 635 2518; x_wconf 87' lang='lat' dir='ltr'>proposita:</span> <span class='ocrx_word' id='word_1_183' title='bbox 667 2463 694 2521; x_wconf 80' lang='grc' dir='ltr'><em>ᾗ</em></span> <span class='ocrx_word' id='word_1_184' title='bbox 713 2483 771 2507; x_wconf 89' lang='grc' dir='ltr'><em>τε-</em></span> 
     </span>
     <span class='ocr_line' id='line_1_38' title="bbox 125 2519 768 2574; baseline 0 -15"><span class='ocrx_word' id='word_1_185' title='bbox 125 2523 243 2559; x_wconf 77' lang='grc' dir='ltr'><em>λευτᾶ</em></span> <span class='ocrx_word' id='word_1_186' title='bbox 273 2519 319 2560; x_wconf 59' lang='lat' dir='ltr'>vc}</span> <span class='ocrx_word' id='word_1_187' title='bbox 342 2525 411 2572; x_wconf 80' lang='grc' dir='ltr'>τῆς</span> <span class='ocrx_word' id='word_1_188' title='bbox 431 2520 602 2574; x_wconf 77' lang='grc' dir='ltr'><em>Λιβύης.</em></span> <span class='ocrx_word' id='word_1_189' title='bbox 631 2524 768 2571; x_wconf 81' lang='lat' dir='ltr'>Vulgo:</span> 
     </span>
     <span class='ocr_line' id='line_1_39' title="bbox 124 2574 768 2629; baseline 0.002 -14"><span class='ocrx_word' id='word_1_190' title='bbox 124 2574 153 2627; x_wconf 76' lang='grc' dir='ltr'>’ἡ</span> <span class='ocrx_word' id='word_1_191' title='bbox 181 2580 339 2627; x_wconf 74' lang='grc' dir='ltr'><em>τελευτᾷ</em></span> <span class='ocrx_word' id='word_1_192' title='bbox 367 2581 436 2628; x_wconf 82' lang='grc' dir='ltr'>τῆς</span> <span class='ocrx_word' id='word_1_193' title='bbox 458 2577 640 2629; x_wconf 80' lang='grc' dir='ltr'><em>Λιβύης,</em></span> <span class='ocrx_word' id='word_1_194' title='bbox 671 2581 768 2616; x_wconf 87' lang='lat' dir='ltr'>cuius</span> 
     </span>
     <span class='ocr_line' id='line_1_40' title="bbox 123 2633 770 2684; baseline 0.005 -15"><span class='ocrx_word' id='word_1_195' title='bbox 123 2633 200 2670; x_wconf 93' lang='lat' dir='ltr'>loco</span> <span class='ocrx_word' id='word_1_196' title='bbox 219 2635 349 2672; x_wconf 75' lang='lat' dir='ltr'>Strnve</span> <span class='ocrx_word' id='word_1_197' title='bbox 381 2634 404 2671; x_wconf 91' lang='lat' dir='ltr'>l.</span> <span class='ocrx_word' id='word_1_198' title='bbox 424 2635 446 2671; x_wconf 95' lang='lat' dir='ltr'>l.</span> <span class='ocrx_word' id='word_1_199' title='bbox 474 2648 558 2684; x_wconf 89' lang='lat' dir='ltr'>pag.</span> <span class='ocrx_word' id='word_1_200' title='bbox 587 2637 641 2675; x_wconf 86' lang='lat'>30</span> <span class='ocrx_word' id='word_1_201' title='bbox 664 2649 770 2684; x_wconf 84' lang='lat' dir='ltr'>prae-</span> 
     </span>
     <span class='ocr_line' id='line_1_41' title="bbox 122 2687 768 2744; baseline 0.005 -18"><span class='ocrx_word' id='word_1_202' title='bbox 122 2691 311 2727; x_wconf 85' lang='lat' dir='ltr'>ferendum</span> <span class='ocrx_word' id='word_1_203' title='bbox 330 2695 472 2728; x_wconf 86' lang='lat' dir='ltr'>censet:</span> <span class='ocrx_word' id='word_1_204' title='bbox 492 2687 520 2739; x_wconf 74' lang='grc' dir='ltr'><em>ἢ</em></span> <span class='ocrx_word' id='word_1_205' title='bbox 539 2694 696 2744; x_wconf 77' lang='grc' dir='ltr'><em>τελευτᾷ</em></span> <span class='ocrx_word' id='word_1_206' title='bbox 714 2688 768 2730; x_wconf 70' lang='grc' dir='ltr'><em>τοὶ</em></span> 
     </span>
     <span class='ocr_line' id='line_1_42' title="bbox 122 2742 770 2795; baseline 0.005 -12"><span class='ocrx_word' id='word_1_207' title='bbox 122 2760 192 2795; x_wconf 81' lang='grc' dir='ltr'>της</span> <span class='ocrx_word' id='word_1_208' title='bbox 235 2742 405 2795; x_wconf 77' lang='grc' dir='ltr'><em>Λιβύης.</em></span> <span class='ocrx_word' id='word_1_209' title='bbox 471 2745 566 2784; x_wconf 82' lang='lat' dir='ltr'>Nam</span> <span class='ocrx_word' id='word_1_210' title='bbox 611 2749 770 2786; x_wconf 83' lang='grc' dir='ltr'><em>τελευτα</em></span> 
     </span>
     <span class='ocr_line' id='line_1_43' title="bbox 122 2762 768 2852; baseline 0.005 -15"><span class='ocrx_word' id='word_1_211' title='bbox 122 2762 204 2838; x_wconf 84' lang='lat' dir='ltr'>olim</span> <span class='ocrx_word' id='word_1_212' title='bbox 236 2803 403 2852; x_wconf 85' lang='lat' dir='ltr'>scriptum</span> <span class='ocrx_word' id='word_1_213' title='bbox 432 2803 566 2850; x_wconf 87' lang='lat' dir='ltr'>fuisse,</span> <span class='ocrx_word' id='word_1_214' title='bbox 607 2805 768 2840; x_wconf 91' lang='lat' dir='ltr'>codicum</span> 
     </span>
     <span class='ocr_line' id='line_1_44' title="bbox 121 2859 767 2911; baseline 0.008 -17"><span class='ocrx_word' id='word_1_215' title='bbox 121 2859 276 2911; x_wconf 82' lang='lat' dir='ltr'>vestigia</span> <span class='ocrx_word' id='word_1_216' title='bbox 312 2860 470 2897; x_wconf 85' lang='lat' dir='ltr'>indicare</span> <span class='ocrx_word' id='word_1_217' title='bbox 507 2860 683 2898; x_wconf 81' lang='lat' dir='ltr'>videntur.</span> <span class='ocrx_word' id='word_1_218' title='bbox 712 2882 767 2888; x_wconf 79' lang='lat'>—</span> 
     </span>
    </p>
   </div>
   <div class='ocr_carea' id='block_1_11' title="bbox 832 1066 1495 2910">
    <p class='ocr_par' dir='ltr' id='par_1_12' title="bbox 841 1066 1495 1555">
     <span class='ocr_line' id='line_1_45' title="bbox 847 1066 1494 1120; baseline 0.005 -13"><span class='ocrx_word' id='word_1_219' title='bbox 847 1071 889 1107; x_wconf 91' lang='lat' dir='ltr'>In</span> <span class='ocrx_word' id='word_1_220' title='bbox 910 1083 1012 1120; x_wconf 90' lang='lat' dir='ltr'>seqq.</span> <span class='ocrx_word' id='word_1_221' title='bbox 1038 1069 1079 1110; x_wconf 78' lang='grc' dir='ltr'>οἱ</span> <span class='ocrx_word' id='word_1_222' title='bbox 1104 1069 1168 1110; x_wconf 82' lang='grc' dir='ltr'>ἐπὶ</span> <span class='ocrx_word' id='word_1_223' title='bbox 1192 1066 1401 1110; x_wconf 74' lang='grc' dir='ltr'><em>θάλασσαν</em></span> <span class='ocrx_word' id='word_1_224' title='bbox 1426 1085 1494 1110; x_wconf 82' lang='grc' dir='ltr'><em>κα-</em></span> 
     </span>
     <span class='ocr_line' id='line_1_46' title="bbox 847 1123 1494 1178; baseline -0.003 -13"><span class='ocrx_word' id='word_1_225' title='bbox 847 1123 1032 1176; x_wconf 80' lang='grc' dir='ltr'><em>τήκοντες</em></span> <span class='ocrx_word' id='word_1_226' title='bbox 1044 1124 1253 1178; x_wconf 71' lang='grc' dir='ltr'><em>ἄνθρωποι</em></span> <span class='ocrx_word' id='word_1_227' title='bbox 1272 1141 1350 1164; x_wconf 90' lang='lat' dir='ltr'>cum</span> <span class='ocrx_word' id='word_1_228' title='bbox 1368 1128 1391 1163; x_wconf 88' lang='lat' dir='ltr'>ii</span> <span class='ocrx_word' id='word_1_229' title='bbox 1411 1128 1494 1175; x_wconf 84' lang='lat' dir='ltr'>sint,</span> 
     </span>
     <span class='ocr_line' id='line_1_47' title="bbox 847 1184 1495 1232; baseline 0 -13"><span class='ocrx_word' id='word_1_230' title='bbox 847 1184 908 1232; x_wconf 90' lang='lat' dir='ltr'>qui</span> <span class='ocrx_word' id='word_1_231' title='bbox 929 1185 1125 1220; x_wconf 89' lang='lat' dir='ltr'>secundum</span> <span class='ocrx_word' id='word_1_232' title='bbox 1155 1184 1262 1220; x_wconf 87' lang='lat' dir='ltr'>maris</span> <span class='ocrx_word' id='word_1_233' title='bbox 1282 1184 1495 1221; x_wconf 87' lang='lat' dir='ltr'>mediterra-</span> 
     </span>
     <span class='ocr_line' id='line_1_48' title="bbox 845 1239 1493 1286; baseline 0.002 -10"><span class='ocrx_word' id='word_1_234' title='bbox 845 1239 905 1276; x_wconf 91' lang='lat' dir='ltr'>nei</span> <span class='ocrx_word' id='word_1_235' title='bbox 933 1252 1033 1275; x_wconf 83' lang='lat' dir='ltr'>oram</span> <span class='ocrx_word' id='word_1_236' title='bbox 1063 1239 1250 1286; x_wconf 85' lang='lat' dir='ltr'>habitant,</span> <span class='ocrx_word' id='word_1_237' title='bbox 1282 1240 1406 1276; x_wconf 78' lang='lat' dir='ltr'>vzerba</span> <span class='ocrx_word' id='word_1_238' title='bbox 1446 1254 1493 1277; x_wconf 89' lang='grc' dir='ltr'>τα</span> 
     </span>
     <span class='ocr_line' id='line_1_49' title="bbox 847 1291 1493 1347; baseline 0 -13"><span class='ocrx_word' id='word_1_239' title='bbox 847 1293 948 1347; x_wconf 67' lang='grc' dir='ltr'><em>’ὑπὲρ</em></span> <span class='ocrx_word' id='word_1_240' title='bbox 990 1291 1198 1344; x_wconf 76' lang='grc' dir='ltr'><em>θαλάσσης</em></span> <span class='ocrx_word' id='word_1_241' title='bbox 1238 1309 1277 1333; x_wconf 88' lang='grc' dir='ltr'><em>τε</em></span> <span class='ocrx_word' id='word_1_242' title='bbox 1316 1309 1381 1333; x_wconf 80' lang='grc' dir='ltr'>και</span> <span class='ocrx_word' id='word_1_243' title='bbox 1413 1297 1493 1334; x_wconf 79' lang='grc' dir='ltr'>τῶν</span> 
     </span>
     <span class='ocr_line' id='line_1_50' title="bbox 847 1346 1492 1399; baseline -0.003 -9"><span class='ocrx_word' id='word_1_244' title='bbox 847 1350 911 1390; x_wconf 78' lang='grc' dir='ltr'>ἐπὶ</span> <span class='ocrx_word' id='word_1_245' title='bbox 932 1347 1140 1388; x_wconf 77' lang='grc' dir='ltr'><em>θαλασσαν</em></span> <span class='ocrx_word' id='word_1_246' title='bbox 1156 1346 1407 1399; x_wconf 76' lang='grc' dir='ltr'><em>κατηκόντων</em></span> <span class='ocrx_word' id='word_1_247' title='bbox 1424 1346 1492 1389; x_wconf 77' lang='grc' dir='ltr'><em>οἷν-</em></span> 
     </span>
     <span class='ocr_line' id='line_1_51' title="bbox 845 1402 1493 1457; baseline 0 -13"><span class='ocrx_word' id='word_1_248' title='bbox 845 1402 1020 1457; x_wconf 80' lang='grc' dir='ltr'><em>θρώπων</em></span> <span class='ocrx_word' id='word_1_249' title='bbox 1048 1405 1283 1454; x_wconf 85' lang='lat' dir='ltr'>intelligenda</span> <span class='ocrx_word' id='word_1_250' title='bbox 1311 1410 1416 1443; x_wconf 91' lang='lat' dir='ltr'>erunt</span> <span class='ocrx_word' id='word_1_251' title='bbox 1445 1407 1493 1444; x_wconf 88' lang='lat' dir='ltr'>de</span> 
     </span>
     <span class='ocr_line' id='line_1_52' title="bbox 842 1461 1493 1510; baseline 0.003 -13"><span class='ocrx_word' id='word_1_252' title='bbox 842 1462 1021 1499; x_wconf 89' lang='lat' dir='ltr'>interioris</span> <span class='ocrx_word' id='word_1_253' title='bbox 1047 1461 1188 1498; x_wconf 80' lang='lat' dir='ltr'>Africae</span> <span class='ocrx_word' id='word_1_254' title='bbox 1210 1462 1443 1510; x_wconf 83' lang='lat' dir='ltr'>regionibus,</span> <span class='ocrx_word' id='word_1_255' title='bbox 1470 1474 1493 1499; x_wconf 85' lang='lat' dir='ltr'>a</span> 
     </span>
     <span class='ocr_line' id='line_1_53' title="bbox 841 1517 1217 1555; baseline -0.003 0"><span class='ocrx_word' id='word_1_256' title='bbox 841 1518 931 1555; x_wconf 84' lang='lat' dir='ltr'>mari</span> <span class='ocrx_word' id='word_1_257' title='bbox 955 1517 1217 1554; x_wconf 87' lang='lat' dir='ltr'>remotioribus.</span> 
     </span>
    </p>

    <p class='ocr_par' dir='ltr' id='par_1_13' title="bbox 832 1567 1492 2910">
     <span class='ocr_line' id='line_1_54' title="bbox 898 1567 1491 1622; baseline -0.002 -9"><span class='ocrx_word' id='word_1_258' title='bbox 898 1572 980 1613; x_wconf 76' lang='grc' dir='ltr'><em>ἐπεὶ</em></span> <span class='ocrx_word' id='word_1_259' title='bbox 1004 1567 1060 1612; x_wconf 65' lang='grc' dir='ltr'><em>οἷν</em></span> <span class='ocrx_word' id='word_1_260' title='bbox 1090 1570 1183 1618; x_wconf 75' lang='grc' dir='ltr'><em>τούς</em></span> <span class='ocrx_word' id='word_1_261' title='bbox 1200 1572 1362 1622; x_wconf 83' lang='grc' dir='ltr'><em>νεηνίας</em></span> <span class='ocrx_word' id='word_1_262' title='bbox 1389 1568 1491 1612; x_wconf 71' lang='grc' dir='ltr'><em>ἄπο-</em></span> 
     </span>
     <span class='ocr_line' id='line_1_55' title="bbox 841 1628 1492 1681; baseline -0.005 -13"><span class='ocrx_word' id='word_1_263' title='bbox 841 1628 1116 1681; x_wconf 83' lang='grc' dir='ltr'><em>πεμπομένους</em></span> <span class='ocrx_word' id='word_1_264' title='bbox 1134 1644 1170 1667; x_wconf 81' lang='grc' dir='ltr'>κ.</span> <span class='ocrx_word' id='word_1_265' title='bbox 1190 1643 1222 1667; x_wconf 90' lang='grc' dir='ltr'>τ.</span> <span class='ocrx_word' id='word_1_266' title='bbox 1242 1630 1288 1678; x_wconf 87' lang='grc' dir='ltr'>λ.]</span> <span class='ocrx_word' id='word_1_267' title='bbox 1312 1629 1492 1666; x_wconf 72' lang='lat' dir='ltr'>particula</span> 
     </span>
     <span class='ocr_line' id='line_1_56' title="bbox 841 1685 1489 1735; baseline -0.006 -10"><span class='ocrx_word' id='word_1_268' title='bbox 841 1685 945 1734; x_wconf 76' lang='grc' dir='ltr'><em>ἐπεὶ,</em></span> <span class='ocrx_word' id='word_1_269' title='bbox 974 1699 1082 1735; x_wconf 87' lang='lat' dir='ltr'>quam</span> <span class='ocrx_word' id='word_1_270' title='bbox 1103 1698 1226 1722; x_wconf 86' lang='lat' dir='ltr'>omnes</span> <span class='ocrx_word' id='word_1_271' title='bbox 1245 1685 1325 1722; x_wconf 90' lang='lat' dir='ltr'>libri</span> <span class='ocrx_word' id='word_1_272' title='bbox 1352 1690 1489 1732; x_wconf 84' lang='lat' dir='ltr'>tenent,</span> 
     </span>
     <span class='ocr_line' id='line_1_57' title="bbox 840 1742 1489 1790; baseline -0.002 -12"><span class='ocrx_word' id='word_1_273' title='bbox 840 1743 1016 1779; x_wconf 89' lang='lat' dir='ltr'>immerito</span> <span class='ocrx_word' id='word_1_274' title='bbox 1043 1742 1222 1790; x_wconf 78' lang='lat' dir='ltr'>displicuit</span> <span class='ocrx_word' id='word_1_275' title='bbox 1246 1742 1328 1778; x_wconf 86' lang='lat' dir='ltr'>viris</span> <span class='ocrx_word' id='word_1_276' title='bbox 1359 1742 1489 1788; x_wconf 85' lang='lat' dir='ltr'>doctis,</span> 
     </span>
     <span class='ocr_line' id='line_1_58' title="bbox 840 1793 1487 1835; baseline -0.002 -2"><span class='ocrx_word' id='word_1_277' title='bbox 840 1799 933 1835; x_wconf 86' lang='lat' dir='ltr'>adeo</span> <span class='ocrx_word' id='word_1_278' title='bbox 952 1802 990 1834; x_wconf 87' lang='lat' dir='ltr'>ut</span> <span class='ocrx_word' id='word_1_279' title='bbox 1009 1798 1244 1834; x_wconf 81' lang='lat' dir='ltr'>emendarent</span> <span class='ocrx_word' id='word_1_280' title='bbox 1258 1793 1381 1834; x_wconf 78' lang='grc' dir='ltr'><em>εἶπον.</em></span> <span class='ocrx_word' id='word_1_281' title='bbox 1410 1796 1487 1833; x_wconf 88' lang='lat' dir='ltr'>Sed</span> 
     </span>
     <span class='ocr_line' id='line_1_59' title="bbox 839 1853 1485 1890; baseline 0 -1"><span class='ocrx_word' id='word_1_282' title='bbox 839 1853 918 1890; x_wconf 84' lang='lat' dir='ltr'>loco</span> <span class='ocrx_word' id='word_1_283' title='bbox 970 1853 1246 1889; x_wconf 88' lang='lat' dir='ltr'>succurrendum</span> <span class='ocrx_word' id='word_1_284' title='bbox 1287 1856 1364 1888; x_wconf 84' lang='lat' dir='ltr'>erat</span> <span class='ocrx_word' id='word_1_285' title='bbox 1410 1864 1485 1889; x_wconf 87' lang='lat' dir='ltr'>non</span> 
     </span>
     <span class='ocr_line' id='line_1_60' title="bbox 840 1907 1488 1957; baseline -0.005 -11"><span class='ocrx_word' id='word_1_286' title='bbox 840 1909 1091 1946; x_wconf 85' lang='lat' dir='ltr'>emendatione</span> <span class='ocrx_word' id='word_1_287' title='bbox 1121 1909 1186 1944; x_wconf 87' lang='lat' dir='ltr'>sed</span> <span class='ocrx_word' id='word_1_288' title='bbox 1220 1907 1488 1957; x_wconf 86' lang='lat' dir='ltr'>interpretatio-</span> 
     </span>
     <span class='ocr_line' id='line_1_61' title="bbox 839 1957 1484 2010; baseline 0.002 -10"><span class='ocrx_word' id='word_1_289' title='bbox 839 1977 909 2010; x_wconf 77' lang='lat' dir='ltr'>ne3</span> <span class='ocrx_word' id='word_1_290' title='bbox 940 1971 995 2002; x_wconf 90' lang='lat' dir='ltr'>est</span> <span class='ocrx_word' id='word_1_291' title='bbox 1010 1964 1104 2001; x_wconf 90' lang='lat' dir='ltr'>enim</span> <span class='ocrx_word' id='word_1_292' title='bbox 1129 1963 1244 1999; x_wconf 82' lang='lat' dir='ltr'>oratio</span> <span class='ocrx_word' id='word_1_293' title='bbox 1262 1957 1484 2002; x_wconf 69' lang='grc' dir='ltr'><em>ἀνακόλου-</em></span> 
     </span>
     <span class='ocr_line' id='line_1_62' title="bbox 839 2019 1484 2068; baseline -0.005 -10"><span class='ocrx_word' id='word_1_294' title='bbox 839 2024 916 2065; x_wconf 80' lang='grc' dir='ltr'><em>θος</em></span> <span class='ocrx_word' id='word_1_295' title='bbox 925 2036 936 2068; x_wconf 94' lang='grc'>,·</span> <span class='ocrx_word' id='word_1_296' title='bbox 983 2020 1081 2057; x_wconf 90' lang='lat' dir='ltr'>cuins</span> <span class='ocrx_word' id='word_1_297' title='bbox 1119 2019 1342 2056; x_wconf 84' lang='lat' dir='ltr'>occasionem</span> <span class='ocrx_word' id='word_1_298' title='bbox 1378 2031 1484 2068; x_wconf 85' lang='lat' dir='ltr'>prae-</span> 
     </span>
     <span class='ocr_line' id='line_1_63' title="bbox 839 2074 1486 2123; baseline 0 -11"><span class='ocrx_word' id='word_1_299' title='bbox 839 2077 992 2113; x_wconf 86' lang='lat' dir='ltr'>buerunt</span> <span class='ocrx_word' id='word_1_300' title='bbox 1025 2088 1086 2121; x_wconf 83' lang='lat' dir='ltr'>ea,</span> <span class='ocrx_word' id='word_1_301' title='bbox 1131 2087 1224 2123; x_wconf 88' lang='lat' dir='ltr'>quae</span> <span class='ocrx_word' id='word_1_302' title='bbox 1255 2076 1301 2111; x_wconf 92' lang='lat' dir='ltr'>de</span> <span class='ocrx_word' id='word_1_303' title='bbox 1324 2074 1486 2122; x_wconf 81' lang='lat' dir='ltr'>Libycae</span> 
     </span>
     <span class='ocr_line' id='line_1_64' title="bbox 838 2130 1485 2178; baseline -0.002 -10"><span class='ocrx_word' id='word_1_304' title='bbox 838 2136 956 2169; x_wconf 83' lang='lat' dir='ltr'>terrae</span> <span class='ocrx_word' id='word_1_305' title='bbox 982 2131 1157 2168; x_wconf 73' lang='lat' dir='ltr'>divisione</span> <span class='ocrx_word' id='word_1_306' title='bbox 1180 2131 1364 2167; x_wconf 86' lang='lat' dir='ltr'>interiecta</span> <span class='ocrx_word' id='word_1_307' title='bbox 1377 2130 1485 2178; x_wconf 83' lang='lat' dir='ltr'>sunt,</span> 
     </span>
     <span class='ocr_line' id='line_1_65' title="bbox 839 2181 1483 2238; baseline 0 -14"><span class='ocrx_word' id='word_1_308' title='bbox 839 2188 923 2225; x_wconf 89' lang='lat' dir='ltr'>inde</span> <span class='ocrx_word' id='word_1_309' title='bbox 942 2201 962 2224; x_wconf 87' lang='lat' dir='ltr'>a</span> <span class='ocrx_word' id='word_1_310' title='bbox 983 2188 1101 2224; x_wconf 64' lang='lat' dir='ltr'>xerbis</span> <span class='ocrx_word' id='word_1_311' title='bbox 1130 2189 1201 2237; x_wconf 80' lang='grc' dir='ltr'>τῆς</span> <span class='ocrx_word' id='word_1_312' title='bbox 1231 2201 1305 2238; x_wconf 84' lang='grc' dir='ltr'><em>γαο</em></span> <span class='ocrx_word' id='word_1_313' title='bbox 1323 2181 1483 2237; x_wconf 73' lang='grc' dir='ltr'><em>Λιβύης</em></span> 
     </span>
     <span class='ocr_line' id='line_1_66' title="bbox 837 2239 1481 2313; baseline -0.005 -31"><span class='ocrx_word' id='word_1_314' title='bbox 837 2259 885 2282; x_wconf 91' lang='grc' dir='ltr'>τα</span> <span class='ocrx_word' id='word_1_315' title='bbox 891 2241 995 2313; x_wconf 43' lang='grc' dir='ltr'><em>Νμὲν</em></span> <span class='ocrx_word' id='word_1_316' title='bbox 1005 2239 1101 2281; x_wconf 66' lang='lat' dir='ltr'>necto}</span> <span class='ocrx_word' id='word_1_317' title='bbox 1124 2257 1159 2280; x_wconf 80' lang='grc' dir='ltr'>κ.</span> <span class='ocrx_word' id='word_1_318' title='bbox 1178 2257 1210 2280; x_wconf 87' lang='grc' dir='ltr'><em>τ</em></span> <span class='ocrx_word' id='word_1_319' title='bbox 1230 2245 1263 2280; x_wconf 91' lang='grc' dir='ltr'>λ.</span> <span class='ocrx_word' id='word_1_320' title='bbox 1292 2255 1407 2290; x_wconf 88' lang='lat' dir='ltr'>nsque</span> <span class='ocrx_word' id='word_1_321' title='bbox 1434 2243 1481 2279; x_wconf 87' lang='lat' dir='ltr'>ad</span> 
     </span>
     <span class='ocr_line' id='line_1_67' title="bbox 837 2298 1483 2350; baseline -0.006 -12"><span class='ocrx_word' id='word_1_322' title='bbox 837 2299 903 2338; x_wconf 83' lang='grc' dir='ltr'><em>καὶ</em></span> <span class='ocrx_word' id='word_1_323' title='bbox 923 2300 1068 2350; x_wconf 75' lang='grc' dir='ltr'><em>εὀῆιιος</em></span> <span class='ocrx_word' id='word_1_324' title='bbox 1090 2313 1262 2337; x_wconf 86' lang='grc' dir='ltr'><em>παντων.</em></span> <span class='ocrx_word' id='word_1_325' title='bbox 1299 2298 1375 2334; x_wconf 80' lang='lat' dir='ltr'>Iam</span> <span class='ocrx_word' id='word_1_326' title='bbox 1394 2299 1483 2335; x_wconf 86' lang='lat' dir='ltr'>haec</span> 
     </span>
     <span class='ocr_line' id='line_1_68' title="bbox 836 2353 1481 2403; baseline -0.003 -10"><span class='ocrx_word' id='word_1_327' title='bbox 836 2357 1105 2393; x_wconf 80' lang='lat' dir='ltr'>confirmaturus</span> <span class='ocrx_word' id='word_1_328' title='bbox 1132 2355 1196 2401; x_wconf 89' lang='lat' dir='ltr'>iis,</span> <span class='ocrx_word' id='word_1_329' title='bbox 1227 2367 1320 2403; x_wconf 88' lang='lat' dir='ltr'>quae</span> <span class='ocrx_word' id='word_1_330' title='bbox 1342 2353 1481 2403; x_wconf 85' lang='lat' dir='ltr'>reliqua</span> 
     </span>
     <span class='ocr_line' id='line_1_69' title="bbox 836 2411 1479 2457; baseline -0.005 -8"><span class='ocrx_word' id='word_1_331' title='bbox 836 2417 938 2450; x_wconf 86' lang='lat' dir='ltr'>erant</span> <span class='ocrx_word' id='word_1_332' title='bbox 977 2413 1023 2448; x_wconf 91' lang='lat' dir='ltr'>de</span> <span class='ocrx_word' id='word_1_333' title='bbox 1056 2411 1224 2447; x_wconf 83' lang='lat' dir='ltr'>Etearchi</span> <span class='ocrx_word' id='word_1_334' title='bbox 1261 2411 1479 2457; x_wconf 76' lang='lat' dir='ltr'>narratione,</span> 
     </span>
     <span class='ocr_line' id='line_1_70' title="bbox 834 2460 1480 2519; baseline -0.002 -15"><span class='ocrx_word' id='word_1_335' title='bbox 834 2469 956 2519; x_wconf 83' lang='lat' dir='ltr'>pergit</span> <span class='ocrx_word' id='word_1_336' title='bbox 977 2465 1059 2506; x_wconf 82' lang='grc' dir='ltr'><em>ἐπεὶ</em></span> <span class='ocrx_word' id='word_1_337' title='bbox 1082 2460 1138 2504; x_wconf 68' lang='grc' dir='ltr'><em>ὧν</em></span> <span class='ocrx_word' id='word_1_338' title='bbox 1155 2481 1189 2504; x_wconf 76' lang='grc' dir='ltr'>κ.</span> <span class='ocrx_word' id='word_1_339' title='bbox 1205 2482 1236 2505; x_wconf 91' lang='grc' dir='ltr'><em>τ.</em></span> <span class='ocrx_word' id='word_1_340' title='bbox 1258 2469 1304 2510; x_wconf 90' lang='grc' dir='ltr'><em>λ.,</em></span> <span class='ocrx_word' id='word_1_341' title='bbox 1327 2479 1480 2514; x_wconf 87' lang='lat' dir='ltr'>quorum</span> 
     </span>
     <span class='ocr_line' id='line_1_71' title="bbox 835 2522 1481 2585; baseline -0.003 -25"><span class='ocrx_word' id='word_1_342' title='bbox 835 2526 1021 2561; x_wconf 84' lang='lat' dir='ltr'>verborum</span> <span class='ocrx_word' id='word_1_343' title='bbox 1037 2523 1232 2585; x_wconf 81' lang='lat' dir='ltr'>apodosis,</span> <span class='ocrx_word' id='word_1_344' title='bbox 1258 2523 1373 2559; x_wconf 88' lang='lat' dir='ltr'>iudice</span> <span class='ocrx_word' id='word_1_345' title='bbox 1384 2522 1481 2558; x_wconf 90' lang='lat' dir='ltr'>Her-</span> 
     </span>
     <span class='ocr_line' id='line_1_72' title="bbox 835 2577 1478 2628; baseline -0.005 -11"><span class='ocrx_word' id='word_1_346' title='bbox 835 2593 968 2617; x_wconf 83' lang='lat' dir='ltr'>manno</span> <span class='ocrx_word' id='word_1_347' title='bbox 985 2580 1032 2616; x_wconf 86' lang='lat' dir='ltr'>ad</span> <span class='ocrx_word' id='word_1_348' title='bbox 1054 2579 1095 2614; x_wconf 78' lang='lat' dir='ltr'>V&#39;</span> <span class='ocrx_word' id='word_1_349' title='bbox 1088 2592 1175 2627; x_wconf 82' lang='lat' dir='ltr'>iger.</span> <span class='ocrx_word' id='word_1_350' title='bbox 1203 2591 1288 2628; x_wconf 85' lang='lat' dir='ltr'>pag.</span> <span class='ocrx_word' id='word_1_351' title='bbox 1304 2577 1386 2618; x_wconf 81' lang='lat'>784</span> <span class='ocrx_word' id='word_1_352' title='bbox 1401 2591 1478 2626; x_wconf 88' lang='lat' dir='ltr'>seq.</span> 
     </span>
     <span class='ocr_line' id='line_1_73' title="bbox 837 2630 1479 2686; baseline -0.002 -14"><span class='ocrx_word' id='word_1_353' title='bbox 837 2636 984 2686; x_wconf 86' lang='lat' dir='ltr'>incipiat</span> <span class='ocrx_word' id='word_1_354' title='bbox 1008 2648 1029 2672; x_wconf 81' lang='lat' dir='ltr'>a</span> <span class='ocrx_word' id='word_1_355' title='bbox 1067 2635 1183 2672; x_wconf 82' lang='lat' dir='ltr'>verbis</span> <span class='ocrx_word' id='word_1_356' title='bbox 1211 2630 1479 2681; x_wconf 76' lang='grc' dir='ltr'><em>διεξελθόντας</em></span> 
     </span>
     <span class='ocr_line' id='line_1_74' title="bbox 836 2685 1478 2741; baseline -0.003 -11"><span class='ocrx_word' id='word_1_357' title='bbox 836 2690 887 2730; x_wconf 82' lang='grc' dir='ltr'>δὲ</span> <span class='ocrx_word' id='word_1_358' title='bbox 923 2706 1050 2741; x_wconf 78' lang='grc' dir='ltr'><em>χωοον</em></span> <span class='ocrx_word' id='word_1_359' title='bbox 1081 2686 1228 2729; x_wconf 91' lang='grc' dir='ltr'><em>πολλον</em></span> <span class='ocrx_word' id='word_1_360' title='bbox 1255 2685 1478 2740; x_wconf 81' lang='grc' dir='ltr'><em>ψαμμωδεα</em></span> 
     </span>
     <span class='ocr_line' id='line_1_75' title="bbox 838 2742 1477 2797; baseline -0.005 -12"><span class='ocrx_word' id='word_1_361' title='bbox 838 2769 885 2774; x_wconf 89' lang='grc'>-</span> <span class='ocrx_word' id='word_1_362' title='bbox 908 2747 1007 2786; x_wconf 86' lang='grc' dir='ltr'><em>ιδειν</em></span> <span class='ocrx_word' id='word_1_363' title='bbox 1034 2742 1083 2797; x_wconf 84' lang='grc' dir='ltr'>δή</span> <span class='ocrx_word' id='word_1_364' title='bbox 1107 2760 1195 2785; x_wconf 82' lang='grc' dir='ltr'><em>κοτε</em></span> <span class='ocrx_word' id='word_1_365' title='bbox 1222 2761 1257 2784; x_wconf 83' lang='grc' dir='ltr'>κ.</span> <span class='ocrx_word' id='word_1_366' title='bbox 1277 2760 1308 2784; x_wconf 89' lang='grc' dir='ltr'><em>τ.</em></span> <span class='ocrx_word' id='word_1_367' title='bbox 1330 2748 1363 2784; x_wconf 88' lang='grc' dir='ltr'><em>λ.</em></span> <span class='ocrx_word' id='word_1_368' title='bbox 1375 2775 1387 2793; x_wconf 82' lang='grc'>,</span> <span class='ocrx_word' id='word_1_369' title='bbox 1415 2746 1477 2782; x_wconf 83' lang='lat' dir='ltr'>ubi</span> 
     </span>
     <span class='ocr_line' id='line_1_76' title="bbox 833 2800 1478 2854; baseline -0.002 -15"><span class='ocrx_word' id='word_1_370' title='bbox 833 2803 1006 2854; x_wconf 81' lang='lat' dir='ltr'>particula</span> <span class='ocrx_word' id='word_1_371' title='bbox 1036 2800 1108 2850; x_wconf 84' lang='grc' dir='ltr'>δὲ,</span> <span class='ocrx_word' id='word_1_372' title='bbox 1157 2807 1241 2852; x_wconf 86' lang='lat' dir='ltr'>post</span> <span class='ocrx_word' id='word_1_373' title='bbox 1285 2802 1478 2853; x_wconf 85' lang='lat' dir='ltr'>plerasque</span> 
     </span>
     <span class='ocr_line' id='line_1_77' title="bbox 832 2858 1478 2910; baseline -0.002 -15"><span class='ocrx_word' id='word_1_374' title='bbox 832 2859 1022 2910; x_wconf 80' lang='lat' dir='ltr'>particulas</span> <span class='ocrx_word' id='word_1_375' title='bbox 1040 2859 1257 2909; x_wconf 86' lang='lat' dir='ltr'>temporales</span> <span class='ocrx_word' id='word_1_376' title='bbox 1280 2862 1315 2896; x_wconf 87' lang='lat' dir='ltr'>et</span> <span class='ocrx_word' id='word_1_377' title='bbox 1326 2858 1478 2896; x_wconf 81' lang='lat' dir='ltr'>maxime</span> 
     </span>
    </p>
   </div>
   <div class='ocr_carea' id='block_1_12' title="bbox 1117 2914 1204 2954">
    <p class='ocr_par' dir='ltr' id='par_1_14' title="bbox 1117 2914 1204 2954">
     <span class='ocr_line' id='line_1_78' title="bbox 1117 2914 1204 2954; baseline 0 0"><span class='ocrx_word' id='word_1_378' title='bbox 1117 2914 1204 2954; x_wconf 79' lang='lat'>35*</span> 
     </span>
    </p>
   </div>
  </div>
 </body>
</html>
