1909 3228
547 188 962 228 EUTERPE.
1023 190 1067 228 11.

1345 196 1430 234 849

165 295 286 350 ὕδωρ
316 295 359 347 ἐς
389 293 549 352 αὐτήν·
593 294 721 353 ἦκται
760 298 807 341 δὲ
848 298 1094 354 κατύπερθε
1130 298 1280 354 ὀλίγον
1308 303 1426 344 Βου-

166 375 343 430 βάστιος
372 374 544 428 πόλιος,
573 376 691 431 παρὰ
722 375 965 434 Πάτουμον
993 378 1072 434 τήν
1105 375 1310 435 Ἀραβίην
1337 379 1420 423 πό-
1436 387 1482 421 25

108 583 275 619 oneraria
290 596 477 633 permeare
492 585 617 634 possit.
638 582 669 620 A
685 597 758 633 quo

106 639 325 675 dissentiens
345 640 482 676 Plinius
506 645 637 677 centum
653 641 759 690 pedes

106 694 220 731 latum
262 709 341 732 esse
374 702 494 733 narrat
531 697 692 733 canalem
723 700 759 734 et

107 751 348 799 quadraginta
370 753 600 801 profundum.
636 754 757 795 Quam

105 807 284 844 diversam
313 808 538 845 latitudinem
570 822 589 846 e
615 809 759 846 diversa

103 862 261 900 locorum
302 864 442 909 indole,
486 878 557 913 qua
588 866 757 902 effectum

104 920 171 966 sit,
202 924 239 956 ut
259 919 335 956 aliis
362 921 525 969 partibus
545 921 678 958 canalis
700 922 755 959 vel

104 976 221 1023 magis
254 976 310 1012 vel
350 977 466 1013 minus
503 977 595 1014 latus
632 979 754 1025 suerit,

103 1032 274 1081 explicari
302 1046 412 1081 posse
447 1040 570 1070 censet
589 1034 644 1071 Le
663 1034 754 1072 Pere

103 1088 124 1124 l.
146 1089 167 1124 l.
186 1102 270 1138 pag.
291 1092 343 1129 60
357 1118 366 1134 ,
397 1089 465 1125 hoc
489 1091 597 1127 modo
616 1095 753 1128 certum

102 1157 182 1182 csse
203 1145 395 1191 adiiciens,
417 1146 599 1184 minimam
618 1147 753 1184 canalis

102 1200 329 1238 latitudinem
368 1215 448 1239 eam
484 1216 590 1250 esse,
644 1216 753 1252 quam

102 1257 311 1294 Herodotus
361 1259 507 1296 indicet.
574 1260 633 1296 De
680 1273 752 1308 qno

101 1314 270 1362 equidem
293 1315 486 1352 decernere
502 1316 623 1352 nolim.
669 1315 754 1352 Ma-

101 1369 160 1406 lim
189 1371 235 1406 ad
270 1370 429 1407 Heeren.
469 1372 608 1417 (Ideen
644 1372 698 1417 Il,
725 1375 752 1411 2

99 1439 135 1474 p.
159 1425 242 1467 402
265 1427 360 1474 seq.)
390 1426 558 1475 ablegare
588 1427 752 1475 lectores,

99 1481 179 1530 qui,
211 1494 291 1518 cum
312 1483 506 1519 triremibus
527 1489 649 1534 aptum
672 1484 751 1519 No-

97 1542 170 1575 ster
195 1538 325 1575 dixerit
355 1538 514 1575 canalem
539 1569 548 1586 ,
593 1540 749 1577 eundem

97 1607 170 1630 non
217 1595 416 1631 commercii
454 1608 562 1632 causa
600 1596 749 1632 ductum

95 1650 208 1687 fuisse
228 1651 369 1698 statuit,
409 1652 474 1688 sed
506 1652 670 1689 bellicum
700 1653 747 1689 ad

98 1720 200 1743 usum
214 1735 224 1753 ‚
256 1719 328 1755 quo
349 1708 476 1744 melius
501 1721 605 1755 reges
625 1709 749 1756 Aegy-

95 1763 147 1812 pti
168 1768 280 1799 terras
305 1764 484 1812 proximas
507 1764 631 1800 ditioni
660 1777 761 1801 suae-

97 1819 251 1855 adiicere
279 1825 440 1868 possent.
500 1820 579 1856 Nec
600 1825 747 1870 postera

96 1879 216 1912 aetate
234 1874 383 1911 multum
407 1875 559 1913 valuisse
585 1876 746 1913 canalem

96 1931 143 1967 ad
172 1932 422 1967 commercium
457 1933 744 1981 promovendum

93 1990 219 2036 putat,
247 1988 459 2036 praesertim
482 2001 561 2025 cum
594 1989 746 2037 naviga-

94 2044 145 2079 tio
179 2056 245 2092 per
273 2048 448 2080 extremas
474 2044 617 2081 Arabici
645 2045 744 2082 sinus

92 2104 214 2149 partes
236 2099 342 2137 valde
369 2100 413 2137 sit
440 2101 594 2137 difficilis
617 2105 655 2138 et
673 2114 742 2151 pe-

92 2155 255 2192 riculosa.

147 2205 258 2261 ’ἧκτει
278 2208 319 2249 δὲ
330 2206 559 2261 κατύπερθε
570 2210 741 2264 -παροὶ

94 2265 313 2318 Πάτουμον
346 2265 421 2318 τήν
450 2263 641 2320 Ἀραβίην
673 2265 740 2308 πό-

91 2322 178 2374 λιν]
217 2325 329 2360 Haud
356 2337 465 2374 olum,
504 2330 543 2362 ut
574 2326 741 2374 equidem

93 2381 230 2425 sentio,
271 2393 350 2417 cum
388 2380 571 2418 Larchero
603 2395 741 2431 ponere

89 2441 262 2486 punctum
285 2440 371 2485 post
396 2434 551 2484 πόλιος,
591 2442 630 2474 ut
657 2439 740 2475 reli-

91 2505 163 2539 qua
182 2492 251 2529 hoc
269 2493 378 2529 modo
396 2493 608 2542 iungantur:
630 2491 737 2545 παρςὶ

93 2543 312 2598 Πάτουμον
331 2545 403 2598 τήν
429 2544 504 2600 Ἀρ.
525 2546 639 2588 πόλιν
660 2549 739 2588 ἐσέ-

88 2617 146 2654 χει
165 2603 204 2649 ἐς
225 2601 298 2654 τὴν
318 2599 395 2654 Ἑρ.
416 2602 643 2651 θάλασσαν,
665 2607 738 2643 eie-

87 2665 145 2697 cta
172 2660 346 2710 particula
376 2659 419 2698 ὄέ
450 2664 559 2710 (post
581 2660 736 2711 ἐσέχει),

87 2717 185 2753 cuius
217 2716 296 2753 loco
331 2728 421 2753 unus
461 2717 551 2754 liber
586 2719 738 2766 praebet

87 2769 150 2823 δή.
200 2773 336 2816 Quidni
356 2774 449 2809 enim
472 2773 660 2810 Herodoto
683 2775 738 2809 di-

86 2842 166 2866 cere
189 2828 305 2865 licuit:
345 2829 488 2866 ductum
518 2842 599 2867 esse
629 2842 737 2866 cana-

141 2884 348 2922 HERonoT.
381 2885 408 2922 Ι.

827 583 895 621 lem
917 584 979 630 (ρκ’
999 583 1105 630 Nilo)
1133 585 1242 635 paulo
1273 597 1382 636 supra
1403 585 1477 623 Bu-

826 641 950 677 bastin
979 641 1123 687 urbem,
1163 642 1259 678 iuxta
1284 641 1476 690 Patrimon,

826 696 982 733 Arabiae
1010 697 1133 733 urbem
1171 698 1309 747 (quam
1341 713 1388 735 sc.
1417 712 1476 735 111·-

827 753 908 789 bem
929 754 1204 802 praeterfluat),
1227 756 1272 791 ab
1293 768 1336 792 ea
1355 759 1474 792 autem

827 808 924 846 haud
944 808 1067 858 procul
1090 810 1125 845 in
1146 823 1244 847 mare
1265 810 1388 847 exire?
1417 811 1475 848 De

825 864 984 901 Bubastz'
1003 865 1154 901 diximus
1175 867 1223 902 ad
1245 866 1274 902 ll
1287 895 1297 913 ‚
1315 869 1379 907 60.

882 918 989 972 παρά
1024 917 1240 972 Πάτουμον
1265 919 1338 972 τήν
1366 918 1473 973 Ἀρα-

824 979 918 1029 βίην
956 973 1096 1027 πόλιν]
1151 979 1307 1015 Arabiae
1342 980 1474 1016 dicitur

822 1036 929 1082 urbs,
959 1035 1056 1083 quod
1085 1047 1210 1071 omnes
1226 1035 1389 1084 Aegypti
1412 1049 1472 1071 nr-

823 1092 886 1129 bes
910 1104 931 1128 a
958 1090 1045 1127 Nlo
1074 1090 1243 1128 Arabiam
1270 1105 1394 1129 versus
1423 1092 1471 1128 si—

821 1152 880 1185 tae
907 1148 973 1184 hoc
1000 1147 1146 1185 nomine
1171 1147 1277 1196 vulgo
1306 1147 1471 1184 afficiun-

820 1208 898 1251 tur,
929 1208 1100 1240 monente
1115 1203 1384 1240 Schlichthorst.
1404 1204 1425 1240 l.
1446 1204 1468 1240 l.

820 1282 876 1287 —
910 1259 1079 1296 Potamos
1111 1260 1221 1307 urbs,
1259 1273 1368 1308 quam
1393 1259 1470 1296 lau·

822 1317 885 1353 dat
904 1316 1112 1365 Stephanus
1126 1316 1365 1364 Byzantinus,
1385 1316 1468 1353 olim

824 1372 920 1408 haud
941 1373 1081 1409 diversa
1102 1385 1183 1409 esse
1205 1372 1396 1409 videbatur
1421 1373 1467 1409 ab

821 1441 864 1465 ea
895 1429 1002 1474 urbe,
1045 1428 1198 1476 quaein
1231 1428 1339 1464 sacris
1368 1427 1466 1464 libris

819 1488 970 1520 vocatur
994 1483 1135 1520 Pc'tliom
1153 1485 1289 1531 (mm)
1315 1485 1419 1520 exod.
1438 1484 1466 1530 I,

821 1543 890 1586 11,
922 1544 957 1577 et
989 1540 1024 1575 in
1048 1540 1190 1577 Graeca
1218 1540 1381 1577 versione
1406 1538 1466 1577 ‘H-

818 1592 934 1645 ρώων
950 1592 1071 1642 πόλις.
1130 1596 1177 1632 At
1199 1595 1408 1644 Heroopolz‘n
1428 1597 1465 1633 in

816 1652 942 1688 intimo
969 1653 1067 1689 sinus
1086 1651 1228 1689 Arabici
1254 1665 1397 1690 recessu
1417 1653 1465 1689 si-

815 1713 889 1744 tam
910 1709 1074 1745 noximus
1088 1737 1097 1754 ‚
1118 1709 1178 1745 ubi
1194 1709 1293 1745 fossa
1315 1721 1357 1745 ex
1378 1708 1463 1745 Nilo

815 1765 923 1800 ducta
944 1765 981 1801 in
1000 1777 1099 1801 mare
1120 1765 1224 1810 exiit,
1250 1765 1462 1801 commercio

813 1820 918 1857 valde
935 1822 1123 1857 florentem
1145 1820 1355 1870 praesertim
1375 1820 1463 1856 Pto-

812 1876 1031 1913 lemaeorum
1044 1881 1176 1913 aetate.
1196 1875 1461 1912 Vittschlicht-

811 1932 923 1969 horst.
945 1933 965 1969 l.
986 1933 1008 1969 l.
1039 1932 1220 1969 Mannert.
1241 1932 1262 1968 l.
1287 1931 1308 1968 l.
1331 1933 1460 1982 p.514

812 2009 867 2015 -
881 1989 961 2030 517
982 1993 1017 2026 et
1035 1989 1198 2038 inprimis
1217 1988 1373 2025 Roziere
1390 1988 1411 2024 l.
1435 1988 1457 2024 l.

811 2058 846 2095 p.
872 2045 962 2085 135.
988 2045 1065 2085 147
1084 2058 1186 2093 seqq.
1207 2047 1298 2085 162,
1337 2044 1460 2087 Quare

810 2105 895 2151 post
914 2100 1002 2138 alios
1023 2100 1248 2150 Champollio
1269 2100 1360 2148 l’Eg.
1375 2114 1457 2137 sous

810 2157 831 2193 l.
853 2157 954 2207 phar.
979 2157 1011 2193 Π
1028 2171 1062 2207 p.
1076 2158 1193 2197 58—
1206 2159 1259 2197 62
1279 2156 1457 2193 Patrimon

810 2226 889 2251 earn
910 2227 989 2251 esse
1003 2214 1190 2250 contendit
1207 2214 1344 2257 urbem,
1365 2225 1458 2261 quae

808 2270 966 2319 Aegypt.
985 2270 1129 2306 nomine
1148 2274 1297 2306 vocetur
1311 2269 1457 2314 Tlioum,

808 2327 846 2362 in
864 2327 1015 2363 introitu
1035 2327 1140 2362 sitam
1157 2325 1339 2371 convallis,
1362 2338 1456 2373 qnae

807 2395 874 2433 per
900 2387 1040 2419 montes
1071 2383 1245 2418 Arabicos
1278 2382 1455 2418 orientem

806 2451 929 2475 versus
961 2439 1168 2488 porrigatur
1199 2450 1312 2485 usqne
1340 2437 1387 2473 ad
1407 2437 1456 2473 si-

806 2507 891 2530 num
911 2494 1102 2530 Arabicum
1120 2495 1208 2540 fere,
1231 2493 1291 2529 ubi
1311 2493 1456 2529 Heroo-

805 2551 895 2600 polis
927 2555 980 2587 est
1016 2551 1094 2586 sita.
1152 2549 1241 2585 lude
1270 2548 1453 2585 Mannert.

806 2607 827 2642 l.
846 2607 867 2643 l.
895 2619 978 2655 pag.
991 2606 1071 2646 506
1104 2604 1279 2641 Patumon
1308 2618 1350 2641 eo
1375 2604 1454 2640 loco

806 2663 915 2699 fuisse
949 2662 1025 2698 vult
1040 2690 1050 2708 ‚
1091 2661 1150 2697 ubi
1187 2673 1281 2696 nunc
1305 2659 1455 2710 Belbeys

805 2719 852 2754 sit
872 2722 1070 2763 exstructa,
1095 2717 1166 2752 duo
1184 2716 1346 2753 milliaria
1365 2730 1454 2765 geo-

805 2774 976 2823 graphica
1013 2773 1199 2810 meridiem
1245 2785 1369 2809 versus
1407 2773 1452 2809 ab

805 2830 894 2868 urbe
934 2830 1096 2867 Bubasti.
1166 2828 1227 2865 Cr.
1257 2829 1453 2878 adscripsit

1124 2886 1180 2924 54
