1909 3228
429 218 514 258 688
824 215 1298 255 HERODOTI

403 328 515 380 4σφι
543 323 650 367 ἄλλα
680 322 913 380 ἐξεύρηται.
944 323 1073 367 ἔπεοέν
1102 323 1268 381 πλήρης
1295 324 1468 380 γένηται
1497 323 1520 369 ὁ
1550 341 1684 370 ποτα-

431 402 532 459 μός,
580 403 654 446 καὶ
682 402 735 444 τά
772 403 897 445 πεδία
926 405 1152 460 πελαγίσῃ,
1203 402 1358 459 φύεται
1397 403 1443 446 ἐν
1471 409 1532 461 τῷ
1561 405 1741 448 fidant&

428 482 580 535 κρίνεα
608 479 767 532 πολλοὶ,
797 481 849 524 τοὶ
878 481 1108 538 Αἰγύπτιοι
1137 482 1342 526 καλέουσι
1360 482 1518 525 λωτόν·
1548 489 1685 528 ταῦτα

430 558 561 602 ἐπεοέν
598 559 808 614 δρέψωσι,
849 558 1086 605 αὐαίνουσι
1112 560 1221 615 πρὸς
1251 561 1396 618 ἥλιον·
1437 562 1511 604 καὶ
1544 562 1686 606 ἔπειτα

431 636 480 681 τὸ
512 638 558 681 ἐκ
587 641 668 681 τοῦ
694 639 827 694 μέσου
855 644 935 683 τοῦ
964 644 1105 684 λωτοῦ
1144 644 1197 698 τῇ
1235 639 1402 697 μήκωνι
1441 639 1514 684 ἐόν
1555 640 1686 697 ἐμφε-

431 717 522 770 ρὲς,
551 718 799 768 πτίσαντες,
836 723 1060 763 ποιεῦνται
1099 719 1141 772 ἐξ
1170 717 1307 763 αὐτοῦ
1337 718 1498 774 ἄρτους
1528 717 1687 771 ὀπτούς

402 797 548 850 5πυρί.
605 796 693 841 ἔστι
726 798 770 841 δὲ
795 799 868 841 καὶ
895 798 922 856 ἡ
954 800 1049 854 ῥίζα
1084 803 1166 842 τοῦ
1210 802 1351 842 λωτοῦ
1390 798 1551 842 τούτου
1582 799 1742 841 ἔδω-30

431 875 551 931 δίμη,
611 876 682 920 καὶ
721 877 943 934 ἐγγλύσσει
982 878 1217 931 ἐπιεικέως,
1275 877 1350 922 ἐὰν
1393 876 1685 934 στρογγύλον,

374 1073 438 1106 re,
476 1060 522 1097 de
556 1072 629 1109 quo
656 1059 837 1100 Matthiae
864 1062 955 1100 dixit
978 1063 1026 1101 ad

373 1115 501 1153 Nostri
529 1117 582 1162 ΙΙ,
606 1118 670 1157 87.

430 1169 477 1210 τρὶ
499 1168 714 1224 Αἰγύπτιοι
735 1171 918 1214 καλέουσι
945 1177 1025 1214 λω-

373 1224 489 1279 τόν]
520 1229 578 1266 De
605 1229 675 1266 alio
697 1230 762 1267 lotz·
787 1245 921 1280 genere
951 1233 1023 1270 vid.

374 1286 466 1322 infra
492 1285 550 1332 ll,
579 1288 631 1326 96
663 1291 699 1323 et
736 1287 804 1335 IV,
830 1291 928 1333 1773
967 1289 1022 1326 hic

375 1343 540 1391 aquatilis
573 1342 783 1391 intelligitur
819 1344 945 1394 planta
974 1346 1021 1383 de

374 1398 671 1448 Rymphaemum
713 1413 847 1448 genere
870 1430 880 1448 ‚
929 1401 1021 1438 lotus

374 1455 616 1504 Aegyptiam,
647 1456 693 1492 de
720 1469 791 1504 qua
812 1456 1018 1495 Athenaeus

373 1511 425 1547 111
451 1511 523 1547 init.
556 1516 593 1548 et
615 1511 701 1559 XV,
721 1515 772 1552 21
801 1526 837 1562 p.
857 1515 938 1553 677
961 1514 1019 1551 ed.

375 1567 460 1603 Cas.
503 1567 652 1613 „Huius
674 1569 765 1604 duas
797 1569 934 1618 specics
964 1570 1020 1606 hie

373 1627 550 1660 memorat
583 1624 812 1661 Herodotus:
858 1625 1019 1672 alteram,

374 1679 472 1715 cuius
520 1680 673 1716 fructum
718 1693 797 1717 cum
838 1694 1021 1731 papavere

375 1736 547 1782 confert,
585 1749 678 1785 quae
721 1741 777 1773 est
810 1735 1021 1786 Nymphaea

374 1792 466 1828 lotus
494 1790 666 1839 Limnai,
706 1794 797 1830 flore
824 1793 928 1840 albo,
964 1807 1023 1830 ra-

374 1848 453 1884 dice
473 1848 677 1893 esculenta3
697 1848 846 1885 alteram
863 1851 951 1886 flore
963 1863 1024 1886 ro-

375 1916 480 1940 saceo
493 1933 503 1951 ‚
534 1905 631 1941 cuius
655 1905 814 1941 ovarium
826 1905 881 1942 vel
894 1918 1025 1955 capsu-

373 1959 407 1996 la
426 1960 628 2007 seminalis,
657 1961 740 1997 favo
761 1974 951 2012 vesparum
975 1963 1024 1998 si-

374 2016 485 2064 milis,
517 2017 661 2054 nucleos
685 2018 887 2055 esculentos
910 2019 1024 2055 conti-

373 2077 461 2119 net3
481 2086 574 2122 quae
590 2078 644 2110 est
664 2072 872 2124 Nymphaea
893 2075 1025 2112 uelum-

374 2129 414 2165 bo
428 2129 554 2177 Linn.‚
585 2131 682 2166 cuius
703 2130 850 2181 capsula
870 2132 1026 2168 semina-

373 2185 416 2222 lis
434 2187 533 2235 apud
563 2191 726 2224 auctores
759 2187 804 2224 ab
836 2186 1024 2226 Athenaeo

375 2242 500 2279 citatos
517 2243 692 2279 cibarium
713 2244 937 2290 nominatum
949 2246 1023 2281 sru-

374 2303 472 2345 ctus,
508 2299 593 2335 saba
619 2299 873 2349 Aegyptiaca3
920 2301 1023 2337 radix

374 2356 449 2392 sive
492 2355 621 2392 bulbus
662 2356 851 2405 utriusque
887 2357 1021 2406 speciei

373 2410 463 2448 salso
491 2412 637 2449 nomine
668 2412 864 2450 colocasia:
908 2414 1019 2463 ipsius

374 2467 436 2503 loti
454 2469 620 2513 nomine,
651 2470 719 2505 flos
740 2469 893 2507 maxime
914 2469 1020 2507 intel-

373 2523 509 2571 ligitur.
575 2524 818 2563 Posteriorem
863 2527 1020 2575 speciem

374 2584 500 2616 nostra
524 2584 645 2618 aetate
688 2595 761 2618 non
796 2582 947 2632 amplius
984 2582 1020 2619 in

374 2634 543 2685 Aegypto
570 2638 738 2686 reperiri,
770 2638 835 2675 sed
862 2639 1022 2676 inludia

375 2691 569 2728 etiamnum
588 2694 706 2741 nasci,
735 2695 937 2732 docuerunt
966 2696 1022 2731 di-

374 2746 526 2794 ligentes
556 2753 706 2787 naturae
731 2751 1024 2789 observatores.“

375 2802 479 2839 Haec
515 2804 908 2855 Schweighaeuserus‚
945 2807 1022 2844 lau-

377 2859 469 2897 dans
498 2860 590 2899 inter
608 2861 676 2899 alia
700 2861 1022 2902 Raffeneau-De-

1093 1063 1163 1101 lille
1177 1063 1213 1100 in
1234 1063 1483 1101 observations
1502 1075 1561 1099 sur
1577 1061 1610 1099 le
1624 1061 1741 1099 Lotus

1094 1120 1300 1170 d'Egypte‚
1331 1124 1368 1157 et
1396 1119 1539 1156 Silvest.
1569 1119 1615 1156 de
1646 1119 1742 1165 Sacy
1775 1116 1779 1119 ”

1093 1178 1141 1214 ad
1159 1177 1337 1213 Abdallat.
1368 1189 1403 1226 p.
1427 1175 1480 1216 94
1510 1188 1587 1223 seq.
1646 1173 1742 1210 Add.

1093 1234 1264 1270 Creuzer.
1283 1234 1317 1269 in
1338 1231 1500 1280 Symbol.
1522 1231 1537 1267 Ι
1560 1243 1645 1281 pag.
1660 1230 1742 1271 508

1091 1293 1128 1327 et
1166 1290 1325 1326 Heeren.
1362 1288 1473 1325 ldeen
1509 1292 1577 1325 etc.
1619 1287 1650 1323 ll
1671 1315 1682 1333 ‚
1715 1289 1742 1327 2

1089 1359 1125 1396 p.
1151 1346 1232 1386 359
1264 1359 1367 1394 seqq.
1433 1344 1465 1380 E
1498 1344 1628 1393 quibus
1675 1342 1742 1379 hoc

1089 1403 1255 1450 equidem
1277 1402 1391 1438 addo:
1405 1401 1561 1450 priorem
1574 1399 1637 1435 loti
1657 1411 1742 1448 spe-

1089 1458 1177 1494 ciem
1212 1458 1394 1505 hodieque
1424 1457 1606 1505 copiosam
1639 1454 1738 1490 nasci

1089 1514 1125 1550 in
1142 1514 1350 1561 regionibus
1376 1511 1534 1561 Aegypti
1562 1510 1739 1548 inferioris

1087 1582 1202 1620 prope
1223 1570 1429 1614 Damiette,
1464 1567 1661 1616 incolisque
1687 1567 1740 1602 vi-

1088 1630 1180 1662 ctum
1193 1626 1366 1674 praebere
1379 1638 1388 1669 3
1418 1624 1565 1661 alteram
1578 1636 1650 1659 non
1663 1635 1740 1659 am-

1089 1681 1181 1732 plius
1204 1695 1299 1717 nunc
1318 1682 1352 1716 in
1374 1681 1454 1730 ipsa
1465 1679 1620 1729 Aegypti
1642 1684 1738 1716 terra

1088 1738 1268 1787 reperiri,
1315 1737 1380 1773 sed
1420 1736 1457 1772 in
1497 1735 1738 1772 monumentis

1088 1793 1322 1843 Aegyptiacis
1340 1821 1350 1840 ‚
1388 1792 1523 1841 cryptis
1544 1820 1556 1838 ‚
1595 1791 1671 1827 aliis
1702 1791 1740 1827 id

1091 1862 1204 1898 genus
1233 1850 1404 1897 frequens
1445 1849 1623 1898 depictam
1654 1860 1741 1884 con-

1091 1906 1196 1956 spici,
1228 1906 1313 1953 quin
1344 1904 1428 1941 folia
1460 1904 1674 1952 calycesque
1698 1907 1740 1940 ut

1089 1962 1280 2012 plurimum
1300 1961 1336 1998 in
1355 1961 1528 1998 columnis
1546 1972 1739 1997 ornamen-

1091 2024 1209 2056 torum
1229 2018 1306 2054 loco
1332 2018 1446 2054 ubivis
1469 2016 1566 2054 addi.
1624 2016 1740 2053 Nam-

1093 2088 1164 2124 que
1181 2075 1215 2110 in
1225 2074 1487 2124 Aegyptiorum
1504 2072 1737 2120 religionibus

1092 2131 1154 2168 loti
1173 2131 1362 2181 plurimam
1383 2131 1557 2166 rationem
1575 2141 1655 2165 esse
1673 2127 1739 2164 ha-

1090 2188 1230 2233 bitam,
1276 2188 1362 2222 satis
1387 2190 1543 2223 constat.
1602 2184 1739 2221 Confer

1090 2245 1259 2281 Creuzer.
1278 2242 1439 2291 Symbol.
1460 2242 1473 2278 Ι
1491 2255 1526 2292 p.
1540 2242 1620 2282 286
1633 2252 1736 2288 seqq.

1145 2298 1212 2338 καὶ
1234 2298 1365 2337 ἔπειτα
1386 2295 1430 2336 τό
1457 2297 1498 2336 ἐκ
1518 2299 1589 2336 τοῦ
1616 2295 1736 2346 μέσου

1090 2357 1162 2394 τοῦ
1190 2357 1318 2394 λωτοῦ
1334 2376 1390 2382 ——
1411 2351 1638 2403 πτίσαντες]
1677 2352 1736 2389 In-

1086 2412 1214 2460 telligit
1241 2424 1375 2459 grana,
1405 2424 1499 2459 quae
1523 2410 1644 2460 granis
1670 2421 1737 2458 pa-

1087 2469 1252 2519 pavereis
1275 2467 1401 2504 similia
1420 2467 1526 2513 dicit,
1557 2480 1577 2503 e
1596 2465 1658 2502 loti
1677 2476 1737 2501 ca-

1087 2525 1222 2575 pitibus
1240 2528 1400 2570 exeinta,
1430 2536 1524 2572 quae
1551 2523 1636 2559 dein
1656 2520 1738 2571 pin-

1088 2586 1173 2617 sunt
1205 2585 1241 2618 et
1287 2593 1403 2631 panes
1443 2580 1531 2616 inde
1565 2580 1737 2627 coquunt.

1089 2637 1186 2674 Nam
1205 2637 1382 2675 πτίσσειν
1404 2640 1458 2673 est
1468 2637 1625 2685 pinsere,
1655 2636 1738 2669 tun-

1089 2693 1166 2730 dere
1181 2693 1417 2741 (zermalmen
1429 2721 1440 2739 ‚
1469 2689 1708 2736 zerstossen).

1145 2747 1345 2802 ἐγγλύσσει
1370 2745 1595 2796 ἐπιεικέως]
1635 2743 1736 2781 Male

1088 2805 1177 2844 haec
1204 2808 1240 2842 in
1268 2805 1483 2855 quibusdam
1504 2803 1588 2840 edd.
1617 2801 1736 2838 seiun-

1088 2866 1168 2911 cta,
1196 2875 1276 2901 cum
1296 2861 1477 2900 distinctio
1505 2861 1592 2910 post
1617 2855 1735 2897 ἐπιει-
